%% This BibTeX bibliography file was created using BibDesk.
%% http://bibdesk.sourceforge.net/

%% Created for Jordan McGinn at 2019-03-22 11:16:38 +0000 


%% Saved with string encoding Unicode (UTF-8) 



@article{Aso_2008,
	Abstract = {We present a coincidence search method for astronomical events using gravitational wave detectors in conjunction with other astronomical observations. We illustrate our method for the specific case of the LIGO gravitational wave detector and the IceCube neutrino detector. LIGO trigger events and IceCube events which occur within a given time window are selected as time-coincident events. Then the spatial overlap of the reconstructed event directions is evaluated using an unbinned maximum likelihood method. Our method was tested with Monte Carlo simulations based on realistic LIGO and IceCube event distributions. We estimated a typical false alarm rate for the analysis to be 1 event per 435 years. This is significantly smaller than the false alarm rates of the individual detectors.},
	Author = {Yoichi Aso and Zsuzsa M{\'{a}}rka and Chad Finley and John Dwyer and Kei Kotake and Szabolcs M{\'{a}}rka},
	Date-Added = {2019-03-22 11:16:15 +0000},
	Date-Modified = {2019-03-22 11:16:15 +0000},
	Doi = {10.1088/0264-9381/25/11/114039},
	Journal = {Classical and Quantum Gravity},
	Month = {may},
	Number = {11},
	Pages = {114039},
	Publisher = {{IOP} Publishing},
	Title = {Search method for coincident events from {LIGO} and {IceCube} detectors},
	Url = {https://doi.org/10.1088%2F0264-9381%2F25%2F11%2F114039},
	Volume = {25},
	Year = 2008,
	Bdsk-Url-1 = {https://doi.org/10.1088%2F0264-9381%2F25%2F11%2F114039},
	Bdsk-Url-2 = {https://doi.org/10.1088/0264-9381/25/11/114039}}

@article{Klimenko_2008,
	Abstract = {We describe a coherent network algorithm for detection and reconstruction of gravitational wave bursts. The algorithm works for two and more arbitrarily aligned detectors and can be used for both all-sky and triggered burst searches. We describe the main components of the algorithm, including the time-frequency analysis in a wavelet domain, construction of the likelihood time-frequency maps, and identification and selection of burst events.},
	Author = {S Klimenko and I Yakushin and A Mercer and G Mitselmakher},
	Date-Added = {2019-03-22 11:14:36 +0000},
	Date-Modified = {2019-03-22 11:14:36 +0000},
	Doi = {10.1088/0264-9381/25/11/114029},
	Journal = {Classical and Quantum Gravity},
	Month = {may},
	Number = {11},
	Pages = {114029},
	Publisher = {{IOP} Publishing},
	Title = {A coherent method for detection of gravitational wave bursts},
	Url = {https://doi.org/10.1088%2F0264-9381%2F25%2F11%2F114029},
	Volume = {25},
	Year = 2008,
	Bdsk-Url-1 = {https://doi.org/10.1088%2F0264-9381%2F25%2F11%2F114029},
	Bdsk-Url-2 = {https://doi.org/10.1088/0264-9381/25/11/114029}}

@article{cgan,
	Archiveprefix = {arXiv},
	Author = {Mehdi Mirza and Simon Osindero},
	Bibsource = {dblp computer science bibliography, https://dblp.org},
	Biburl = {https://dblp.org/rec/bib/journals/corr/MirzaO14},
	Date-Added = {2019-03-18 13:14:28 +0000},
	Date-Modified = {2019-03-18 13:14:35 +0000},
	Eprint = {1411.1784},
	Journal = {CoRR},
	Timestamp = {Mon, 13 Aug 2018 16:48:15 +0200},
	Title = {Conditional Generative Adversarial Nets},
	Url = {http://arxiv.org/abs/1411.1784},
	Volume = {abs/1411.1784},
	Year = {2014},
	Bdsk-Url-1 = {http://arxiv.org/abs/1411.1784}}

@misc{lalsuite,
	Author = {{LIGO Scientific Collaboration}},
	Date-Added = {2019-03-18 10:38:15 +0000},
	Date-Modified = {2019-03-18 10:38:15 +0000},
	Doi = {10.7935/GT1W-FZ16},
	Howpublished = {free software (GPL)},
	Title = {{LIGO} {A}lgorithm {L}ibrary - {LALS}uite},
	Year = {2018},
	Bdsk-Url-1 = {https://doi.org/10.7935/GT1W-FZ16}}

@article{jsd,
	Author = {S.-I. Amari and O. E. Barndorff-Nielsen and R. E. Kass and S. L. Lauritzen and C. R. Rao},
	Date-Added = {2019-03-17 13:49:56 +0000},
	Date-Modified = {2019-03-17 13:50:03 +0000},
	Issn = {07492170},
	Journal = {Lecture Notes-Monograph Series},
	Pages = {i--240},
	Publisher = {Institute of Mathematical Statistics},
	Title = {Differential Geometry in Statistical Inference},
	Url = {http://www.jstor.org/stable/4355557},
	Volume = {10},
	Year = {1987},
	Bdsk-Url-1 = {http://www.jstor.org/stable/4355557}}

@book{2011gwpa.book.....C,
	Adsnote = {Provided by the SAO/NASA Astrophysics Data System},
	Adsurl = {http://adsabs.harvard.edu/abs/2011gwpa.book.....C},
	Author = {{Creighton}, J. and {Anderson}, W.},
	Booktitle = {Gravitational-Wave Physics and Astronomy: An Introduction to Theory, Experime nt and Data Analysis, by J.~Creighton and W.~Anderson.~ Wiley Series on Cosmology, 2011.~ISBN 978-3527408863.~ Wiley-VCH (Weinheim, Germany).},
	Date-Added = {2019-03-14 15:31:26 +0000},
	Date-Modified = {2019-03-14 15:31:26 +0000},
	Month = nov,
	Title = {{Gravitational-Wave Physics and Astronomy: An Introduction to Theory, Experiment and Data Analysis.}},
	Year = 2011}

@article{citeulike:13833942,
	Author = {Tieleman, T. and Hinton, G.},
	Citeulike-Article-Id = {13833942},
	Citeulike-Linkout-0 = {http://www.cs.toronto.edu/\~{}tijmen/csc321/slides/lecture\_slides\_lec6.pdf},
	Date-Added = {2019-03-14 11:40:18 +0000},
	Date-Modified = {2019-03-14 11:40:18 +0000},
	Keywords = {gradient\_based\_descenting, loss\_functions, optimization},
	Posted-At = {2015-11-09 16:27:58},
	Priority = {2},
	Title = {{RMSprop Gradient Optimization}},
	Url = {http://www.cs.toronto.edu/\~{}tijmen/csc321/slides/lecture\_slides\_lec6.pdf},
	Bdsk-Url-1 = {http://www.cs.toronto.edu/%5C~%7B%7Dtijmen/csc321/slides/lecture%5C_slides%5C_lec6.pdf}}

@inproceedings{relu,
	Acmid = {3104425},
	Address = {USA},
	Author = {Nair, Vinod and Hinton, Geoffrey E.},
	Booktitle = {Proceedings of the 27th International Conference on International Conference on Machine Learning},
	Date-Added = {2019-03-14 11:35:09 +0000},
	Date-Modified = {2019-03-14 11:35:15 +0000},
	Isbn = {978-1-60558-907-7},
	Location = {Haifa, Israel},
	Numpages = {8},
	Pages = {807--814},
	Publisher = {Omnipress},
	Series = {ICML'10},
	Title = {Rectified Linear Units Improve Restricted Boltzmann Machines},
	Url = {http://dl.acm.org/citation.cfm?id=3104322.3104425},
	Year = {2010},
	Bdsk-Url-1 = {http://dl.acm.org/citation.cfm?id=3104322.3104425}}

@inproceedings{maxpool,
	Author = {Scherer, Dominik and M{\"u}ller, Andreas and Behnke, Sven},
	Date-Added = {2019-03-14 11:07:14 +0000},
	Date-Modified = {2019-03-14 11:07:31 +0000},
	Doi = {10.1007/978-3-642-15825-4_10},
	Month = {01},
	Pages = {92-101},
	Title = {Evaluation of pooling operations in convolutional architectures for object recognition},
	Year = {2010},
	Bdsk-Url-1 = {https://doi.org/10.1007/978-3-642-15825-4_10}}

@inproceedings{inproceedings,
	Author = {Claudiu Ciresan, Dan and Meier, Ueli and Masci, Jonathan and Maria Gambardella, Luca and Schmidhuber, J{\"u}rgen},
	Date-Added = {2019-03-14 11:05:56 +0000},
	Date-Modified = {2019-03-14 11:05:56 +0000},
	Doi = {10.5591/978-1-57735-516-8/IJCAI11-210},
	Journal = {International Joint Conference on Artificial Intelligence IJCAI-2011},
	Month = {07},
	Pages = {1237-1242},
	Title = {Flexible, High Performance Convolutional Neural Networks for Image Classification.},
	Year = {2011},
	Bdsk-Url-1 = {https://doi.org/10.5591/978-1-57735-516-8/IJCAI11-210}}

@article{PhysRevLett.87.241101,
	Author = {Andersson, N. and Comer, G. L.},
	Date-Added = {2019-03-13 16:57:04 +0000},
	Date-Modified = {2019-03-13 16:57:04 +0000},
	Doi = {10.1103/PhysRevLett.87.241101},
	Issue = {24},
	Journal = {Phys. Rev. Lett.},
	Month = {Nov},
	Numpages = {4},
	Pages = {241101},
	Publisher = {American Physical Society},
	Title = {Probing Neutron-Star Superfluidity with Gravitational-Wave Data},
	Url = {https://link.aps.org/doi/10.1103/PhysRevLett.87.241101},
	Volume = {87},
	Year = {2001},
	Bdsk-Url-1 = {https://link.aps.org/doi/10.1103/PhysRevLett.87.241101},
	Bdsk-Url-2 = {https://doi.org/10.1103/PhysRevLett.87.241101}}

@article{Yakunin_2010,
	Abstract = {We present the gravitational wave signatures for a suite of axisymmetric core collapse supernova models with progenitor masses between 12 and 25 MâŠ™. These models are distinguished by the fact that they explode and contain essential physics (in particular, multi-frequency neutrino transport and general relativity) needed for a more realistic description. Thus, we are able to compute complete waveforms (i.e. through explosion) based on non-parameterized, first-principles models. This is essential if the waveform amplitudes and time scales are to be computed more precisely. Fourier decomposition shows that the gravitational wave signals we predict should be observable by AdvLIGO across the range of progenitors considered here. The fundamental limitation of these models is in their imposition of axisymmetry. Further progress will require counterpart three-dimensional models.},
	Author = {Konstantin N Yakunin and Pedro Marronetti and Anthony Mezzacappa and Stephen W Bruenn and Ching-Tsai Lee and Merek A Chertkow and W Raphael Hix and John M Blondin and Eric J Lentz and O E Bronson Messer and Shin{\textquotesingle}ichirou Yoshida},
	Date-Added = {2019-03-13 16:56:15 +0000},
	Date-Modified = {2019-03-13 16:56:15 +0000},
	Doi = {10.1088/0264-9381/27/19/194005},
	Journal = {Classical and Quantum Gravity},
	Month = {sep},
	Number = {19},
	Pages = {194005},
	Publisher = {{IOP} Publishing},
	Title = {Gravitational waves from core collapse supernovae},
	Url = {https://doi.org/10.1088%2F0264-9381%2F27%2F19%2F194005},
	Volume = {27},
	Year = 2010,
	Bdsk-Url-1 = {https://doi.org/10.1088%2F0264-9381%2F27%2F19%2F194005},
	Bdsk-Url-2 = {https://doi.org/10.1088/0264-9381/27/19/194005}}

@article{PhysRevD.77.084002,
	Author = {Etienne, Zachariah B. and Faber, Joshua A. and Liu, Yuk Tung and Shapiro, Stuart L. and Taniguchi, Keisuke and Baumgarte, Thomas W.},
	Date-Added = {2019-03-13 16:53:09 +0000},
	Date-Modified = {2019-03-13 16:53:09 +0000},
	Doi = {10.1103/PhysRevD.77.084002},
	Issue = {8},
	Journal = {Phys. Rev. D},
	Month = {Apr},
	Numpages = {22},
	Pages = {084002},
	Publisher = {American Physical Society},
	Title = {Fully general relativistic simulations of black hole-neutron star mergers},
	Url = {https://link.aps.org/doi/10.1103/PhysRevD.77.084002},
	Volume = {77},
	Year = {2008},
	Bdsk-Url-1 = {https://link.aps.org/doi/10.1103/PhysRevD.77.084002},
	Bdsk-Url-2 = {https://doi.org/10.1103/PhysRevD.77.084002}}

@incollection{SPACKMAN1989160,
	Abstract = {ABSTRACT
This paper describes the use of signal detection theory as a tool for evaluating and comparing concept descriptions learned by inductive inference. We outline the use of ROC curves and describe the experience we have had in using these concepts for inductive learning using connectionist models, genetic search, and symbolic concept acquisition.},
	Address = {San Francisco (CA)},
	Author = {Kent A. Spackman},
	Booktitle = {Proceedings of the Sixth International Workshop on Machine Learning},
	Date-Added = {2019-03-13 16:03:39 +0000},
	Date-Modified = {2019-03-13 16:03:39 +0000},
	Doi = {https://doi.org/10.1016/B978-1-55860-036-2.50047-3},
	Editor = {Alberto Maria Segre},
	Isbn = {978-1-55860-036-2},
	Pages = {160 - 163},
	Publisher = {Morgan Kaufmann},
	Title = {SIGNAL DETECTION THEORY: VALUABLE TOOLS FOR EVALUATING INDUCTIVE LEARNING},
	Url = {http://www.sciencedirect.com/science/article/pii/B9781558600362500473},
	Year = {1989},
	Bdsk-Url-1 = {http://www.sciencedirect.com/science/article/pii/B9781558600362500473},
	Bdsk-Url-2 = {https://doi.org/10.1016/B978-1-55860-036-2.50047-3}}

@book{trove.nla.gov.au/work/10637047,
	Author = {Green, David Marvin and Swets, John Arthur},
	Catalogue-Url = {https://trove.nla.gov.au/work/10637047},
	Date-Added = {2019-03-13 16:01:12 +0000},
	Date-Modified = {2019-03-13 16:01:12 +0000},
	Isbn = {0882751395},
	Language = {English},
	Note = {Includes indexes. Bibliography: p. 437-486},
	Publisher = {New York : Wiley},
	Subjects = {Signal detection (Psychology)},
	Title = {Signal detection theory and psychophysics},
	Type = {Book; Book/Illustrated},
	Year = {1966}}

@article{DBLP:journals/corr/abs-1809-11096,
	Archiveprefix = {arXiv},
	Author = {Andrew Brock and Jeff Donahue and Karen Simonyan},
	Bibsource = {dblp computer science bibliography, https://dblp.org},
	Biburl = {https://dblp.org/rec/bib/journals/corr/abs-1809-11096},
	Date-Added = {2019-03-13 14:12:18 +0000},
	Date-Modified = {2019-03-13 14:12:18 +0000},
	Eprint = {1809.11096},
	Journal = {CoRR},
	Timestamp = {Fri, 05 Oct 2018 11:34:52 +0200},
	Title = {Large Scale {GAN} Training for High Fidelity Natural Image Synthesis},
	Url = {http://arxiv.org/abs/1809.11096},
	Volume = {abs/1809.11096},
	Year = {2018},
	Bdsk-Url-1 = {http://arxiv.org/abs/1809.11096}}

@inproceedings{Maas2013RectifierNI,
	Author = {Andrew L. Maas},
	Date-Added = {2019-03-13 13:45:10 +0000},
	Date-Modified = {2019-03-13 13:45:10 +0000},
	Title = {Rectifier Nonlinearities Improve Neural Network Acoustic Models},
	Year = {2013}}

@article{DBLP:journals/corr/abs-1212-5701,
	Archiveprefix = {arXiv},
	Author = {Matthew D. Zeiler},
	Bibsource = {dblp computer science bibliography, https://dblp.org},
	Biburl = {https://dblp.org/rec/bib/journals/corr/abs-1212-5701},
	Date-Added = {2019-03-13 13:20:30 +0000},
	Date-Modified = {2019-03-13 13:20:30 +0000},
	Eprint = {1212.5701},
	Journal = {CoRR},
	Timestamp = {Mon, 13 Aug 2018 16:45:57 +0200},
	Title = {{ADADELTA:} An Adaptive Learning Rate Method},
	Url = {http://arxiv.org/abs/1212.5701},
	Volume = {abs/1212.5701},
	Year = {2012},
	Bdsk-Url-1 = {http://arxiv.org/abs/1212.5701}}

@article{DBLP:journals/corr/KingmaB14,
	Archiveprefix = {arXiv},
	Author = {Diederik P. Kingma and Jimmy Ba},
	Bibsource = {dblp computer science bibliography, https://dblp.org},
	Biburl = {https://dblp.org/rec/bib/journals/corr/KingmaB14},
	Date-Added = {2019-03-13 13:19:48 +0000},
	Date-Modified = {2019-03-13 13:19:48 +0000},
	Eprint = {1412.6980},
	Journal = {CoRR},
	Timestamp = {Mon, 13 Aug 2018 16:47:35 +0200},
	Title = {Adam: {A} Method for Stochastic Optimization},
	Url = {http://arxiv.org/abs/1412.6980},
	Volume = {abs/1412.6980},
	Year = {2014},
	Bdsk-Url-1 = {http://arxiv.org/abs/1412.6980}}

@article{nest,
	Author = {NESTEROV, Y. E.},
	Date-Added = {2019-03-13 13:19:06 +0000},
	Date-Modified = {2019-03-13 13:19:13 +0000},
	Journal = {Dokl. Akad. Nauk SSSR},
	Pages = {543-547},
	Title = {A method for solving the convex programming problem with convergence rate O(1/k^2)},
	Url = {https://ci.nii.ac.jp/naid/10029946121/en/},
	Volume = {269},
	Year = {1983},
	Bdsk-Url-1 = {https://ci.nii.ac.jp/naid/10029946121/en/}}

@article{Goodfellow2014,
	Abstract = {We propose a new framework for estimating generative models via an adversar- ial process; in which we simultaneously train two models: a generative model G that captures the data distribution; and a discriminative model D that estimates the probability that a sample came from the training data rather thanG. The train- ing procedure for G is to maximize the probability of D making a mistake. This framework corresponds to a minimax two-player game. In the space of arbitrary functions G and D; a unique solution exists; with G recovering the training data distribution andD equal to 1 2 everywhere. In the case where G andD are defined by multilayer perceptrons; the entire system can be trained with backpropagation. There is no need for any Markov chains or unrolled approximate inference net- works during either training or generation of samples. Experiments demonstrate the potential of the framework through qualitative and quantitative evaluation of the generated samples. 1},
	Archiveprefix = {arXiv},
	Arxivid = {arXiv:1406.2661v1},
	Author = {Goodfellow, Ian and Pouget-Abadie, Jean and Mirza, Mehdi and Xu, Bing and Warde-Farley, David and Ozair, Sherjil and Courville, Aaron and Bengio, Yoshua},
	Doi = {10.1017/CBO9781139058452},
	Isbn = {1406.2661},
	Issn = {10495258},
	Journal = {Advances in Neural Information Processing Systems 27},
	Pmid = {1000183096},
	Title = {{Generative Adversarial Nets}},
	Year = {2014},
	Bdsk-Url-1 = {https://doi.org/10.1017/CBO9781139058452}}

@article{Abbott2017,
	Author = {Abbott, B. P. and Abbott, R. and Abbott, T. D. and Acernese, F. and Ackley, K. and Adams, C. and Adams, T. and Addesso, P. and Adhikari, R. X. and Adya, V. B. and Affeldt, C. and Afrough, M. and Agarwal, B. and Agathos, M. and Agatsuma, K. and Aggarwal, N. and Aguiar, O. D. and Aiello, L. and Ain, A. and Ajith, P. and Allen, B. and Allen, G. and Allocca, A. and Altin, P. A. and Amato, A. and Ananyeva, A. and Anderson, S. B. and Anderson, W. G. and Angelova, S. V. and Antier, S. and Appert, S. and Arai, K. and Araya, M. C. and Areeda, J. S. and Arnaud, N. and Arun, K. G. and Ascenzi, S. and Ashton, G. and Ast, M. and Aston, S. M. and Astone, P. and Atallah, D. V. and Aufmuth, P. and Aulbert, C. and AultONeal, K. and Austin, C. and Avila-Alvarez, A. and Babak, S. and Bacon, P. and Bader, M. K. M. and Bae, S. and Baker, P. T. and Baldaccini, F. and Ballardin, G. and Ballmer, S. W. and Banagiri, S. and Barayoga, J. C. and Barclay, S. E. and Barish, B. C. and Barker, D. and Barkett, K. and Barone, F. and Barr, B. and Barsotti, L. and Barsuglia, M. and Barta, D. and Bartlett, J. and Bartos, I. and Bassiri, R. and Basti, A. and Batch, J. C. and Bawaj, M. and Bayley, J. C. and Bazzan, M. and B{\'{e}}csy, B. and Beer, C. and Bejger, M. and Belahcene, I. and Bell, A. S. and Berger, B. K. and Bergmann, G. and Bero, J. J. and Berry, C. P. L. and Bersanetti, D. and Bertolini, A. and Betzwieser, J. and Bhagwat, S. and Bhandare, R. and Bilenko, I. A. and Billingsley, G. and Billman, C. R. and Birch, J. and Birney, R. and Birnholtz, O. and Biscans, S. and Biscoveanu, S. and Bisht, A. and Bitossi, M. and Biwer, C. and Bizouard, M. A. and Blackburn, J. K. and Blackman, J. and Blair, C. D. and Blair, D. G. and Blair, R. M. and Bloemen, S. and Bock, O. and Bode, N. and Boer, M. and Bogaert, G. and Bohe, A. and Bondu, F. and Bonilla, E. and Bonnand, R. and Boom, B. A. and Bork, R. and Boschi, V. and Bose, S. and Bossie, K. and Bouffanais, Y. and Bozzi, A. and Bradaschia, C. and Brady, P. R. and Branchesi, M. and Brau, J. E. and Briant, T. and Brillet, A. and Brinkmann, M. and Brisson, V. and Brockill, P. and Broida, J. E. and Brooks, A. F. and Brown, D. A. and Brown, D. D. and Brunett, S. and Buchanan, C. C. and Buikema, A. and Bulik, T. and Bulten, H. J. and Buonanno, A. and Buskulic, D. and Buy, C. and Byer, R. L. and Cabero, M. and Cadonati, L. and Cagnoli, G. and Cahillane, C. and Bustillo, J. Calder{\'{o}}n and Callister, T. A. and Calloni, E. and Camp, J. B. and Canepa, M. and Canizares, P. and Cannon, K. C. and Cao, H. and Cao, J. and Capano, C. D. and Capocasa, E. and Carbognani, F. and Caride, S. and Carney, M. F. and Diaz, J. Casanueva and Casentini, C. and Caudill, S. and Cavagli{\`{a}}, M. and Cavalier, F. and Cavalieri, R. and Cella, G. and Cepeda, C. B. and Cerd{\'{a}}-Dur{\'{a}}n, P. and Cerretani, G. and Cesarini, E. and Chamberlin, S. J. and Chan, M. and Chao, S. and Charlton, P. and Chase, E. and Chassande-Mottin, E. and Chatterjee, D. and Chatziioannou, K. and Cheeseboro, B. D. and Chen, H. Y. and Chen, X. and Chen, Y. and Cheng, H.-P. and Chia, H. and Chincarini, A. and Chiummo, A. and Chmiel, T. and Cho, H. S. and Cho, M. and Chow, J. H. and Christensen, N. and Chu, Q. and Chua, A. J. K. and Chua, S. and Chung, A. K. W. and Chung, S. and Ciani, G. and Ciolfi, R. and Cirelli, C. E. and Cirone, A. and Clara, F. and Clark, J. A. and Clearwater, P. and Cleva, F. and Cocchieri, C. and Coccia, E. and Cohadon, P.-F. and Cohen, D. and Colla, A. and Collette, C. G. and Cominsky, L. R. and Jr., M. Constancio and Conti, L. and Cooper, S. J. and Corban, P. and Corbitt, T. R. and Cordero-Carri{\'{o}}n, I. and Corley, K. R. and Cornish, N. and Corsi, A. and Cortese, S. and Costa, C. A. and Coughlin, M. W. and Coughlin, S. B. and Coulon, J.-P. and Countryman, S. T. and Couvares, P. and Covas, P. B. and Cowan, E. E. and Coward, D. M. and Cowart, M. J. and Coyne, D. C. and Coyne, R. and Creighton, J. D. E. and Creighton, T. D. and Cripe, J. and Crowder, S. G. and Cullen, T. J. and Cumming, A. and Cunningham, L. and Cuoco, E. and Canton, T. Dal and D{\'{a}}lya, G. and Danilishin, S. L. and D'Antonio, S. and Danzmann, K. and Dasgupta, A. and Costa, C. F. Da Silva and Dattilo, V. and Dave, I. and Davier, M. and Davis, D. and Daw, E. J. and Day, B. and De, S. and DeBra, D. and Degallaix, J. and Laurentis, M. De and Del{\'{e}}glise, S. and Pozzo, W. Del and Demos, N. and Denker, T. and Dent, T. and Pietri, R. De and Dergachev, V. and Rosa, R. De and DeRosa, R. T. and Rossi, C. De and DeSalvo, R. and de Varona, O. and Devenson, J. and Dhurandhar, S. and D{\'{i}}az, M. C. and Fiore, L. Di and Giovanni, M. Di and Girolamo, T. Di and Lieto, A. Di and Pace, S. Di and Palma, I. Di and Renzo, F. Di and Doctor, Z. and Dolique, V. and Donovan, F. and Dooley, K. L. and Doravari, S. and Dorrington, I. and Douglas, R. and {\'{A}}lvarez, M. Dovale and Downes, T. P. and Drago, M. and Dreissigacker, C. and Driggers, J. C. and Du, Z. and Ducrot, M. and Dupej, P. and Dwyer, S. E. and Edo, T. B. and Edwards, M. C. and Effler, A. and Eggenstein, H.-B. and Ehrens, P. and Eichholz, J. and Eikenberry, S. S. and Eisenstein, R. A. and Essick, R. C. and Estevez, D. and Etienne, Z. B. and Etzel, T. and Evans, M. and Evans, T. M. and Factourovich, M. and Fafone, V. and Fair, H. and Fairhurst, S. and Fan, X. and Farinon, S. and Farr, B. and Farr, W. M. and Fauchon-Jones, E. J. and Favata, M. and Fays, M. and Fee, C. and Fehrmann, H. and Feicht, J. and Fejer, M. M. and Fernandez-Galiana, A. and Ferrante, I. and Ferreira, E. C. and Ferrini, F. and Fidecaro, F. and Finstad, D. and Fiori, I. and Fiorucci, D. and Fishbach, M. and Fisher, R. P. and Fitz-Axen, M. and Flaminio, R. and Fletcher, M. and Fong, H. and Font, J. A. and Forsyth, P. W. F. and Forsyth, S. S. and Fournier, J.-D. and Frasca, S. and Frasconi, F. and Frei, Z. and Freise, A. and Frey, R. and Frey, V. and Fries, E. M. and Fritschel, P. and Frolov, V. V. and Fulda, P. and Fyffe, M. and Gabbard, H. and Gadre, B. U. and Gaebel, S. M. and Gair, J. R. and Gammaitoni, L. and Ganija, M. R. and Gaonkar, S. G. and Garcia-Quiros, C. and Garufi, F. and Gateley, B. and Gaudio, S. and Gaur, G. and Gayathri, V. and Gehrels, N. and Gemme, G. and Genin, E. and Gennai, A. and George, D. and George, J. and Gergely, L. and Germain, V. and Ghonge, S. and Ghosh, Abhirup and Ghosh, Archisman and Ghosh, S. and Giaime, J. A. and Giardina, K. D. and Giazotto, A. and Gill, K. and Glover, L. and Goetz, E. and Goetz, R. and Gomes, S. and Goncharov, B. and Gonz{\'{a}}lez, G. and Castro, J. M. Gonzalez and Gopakumar, A. and Gorodetsky, M. L. and Gossan, S. E. and Gosselin, M. and Gouaty, R. and Grado, A. and Graef, C. and Granata, M. and Grant, A. and Gras, S. and Gray, C. and Greco, G. and Green, A. C. and Gretarsson, E. M. and Groot, P. and Grote, H. and Grunewald, S. and Gruning, P. and Guidi, G. M. and Guo, X. and Gupta, A. and Gupta, M. K. and Gushwa, K. E. and Gustafson, E. K. and Gustafson, R. and Halim, O. and Hall, B. R. and Hall, E. D. and Hamilton, E. Z. and Hammond, G. and Haney, M. and Hanke, M. M. and Hanks, J. and Hanna, C. and Hannam, M. D. and Hannuksela, O. A. and Hanson, J. and Hardwick, T. and Harms, J. and Harry, G. M. and Harry, I. W. and Hart, M. J. and Haster, C.-J. and Haughian, K. and Healy, J. and Heidmann, A. and Heintze, M. C. and Heitmann, H. and Hello, P. and Hemming, G. and Hendry, M. and Heng, I. S. and Hennig, J. and Heptonstall, A. W. and Heurs, M. and Hild, S. and Hinderer, T. and Hoak, D. and Hofman, D. and Holt, K. and Holz, D. E. and Hopkins, P. and Horst, C. and Hough, J. and Houston, E. A. and Howell, E. J. and Hreibi, A. and Hu, Y. M. and Huerta, E. A. and Huet, D. and Hughey, B. and Husa, S. and Huttner, S. H. and Huynh-Dinh, T. and Indik, N. and Inta, R. and Intini, G. and Isa, H. N. and Isac, J.-M. and Isi, M. and Iyer, B. R. and Izumi, K. and Jacqmin, T. and Jani, K. and Jaranowski, P. and Jawahar, S. and Jim{\'{e}}nez-Forteza, F. and Johnson, W. W. and Johnson-McDaniel, N. K. and Jones, D. I. and Jones, R. and Jonker, R. J. G. and Ju, L. and Junker, J. and Kalaghatgi, C. V. and Kalogera, V. and Kamai, B. and Kandhasamy, S. and Kang, G. and Kanner, J. B. and Kapadia, S. J. and Karki, S. and Karvinen, K. S. and Kasprzack, M. and Katolik, M. and Katsavounidis, E. and Katzman, W. and Kaufer, S. and Kawabe, K. and K{\'{e}}f{\'{e}}lian, F. and Keitel, D. and Kemball, A. J. and Kennedy, R. and Kent, C. and Key, J. S. and Khalili, F. Y. and Khan, I. and Khan, S. and Khan, Z. and Khazanov, E. A. and Kijbunchoo, N. and Kim, Chunglee and Kim, J. C. and Kim, K. and Kim, W. and Kim, W. S. and Kim, Y.-M. and Kimbrell, S. J. and King, E. J. and King, P. J. and Kinley-Hanlon, M. and Kirchhoff, R. and Kissel, J. S. and Kleybolte, L. and Klimenko, S. and Knowles, T. D. and Koch, P. and Koehlenbeck, S. M. and Koley, S. and Kondrashov, V. and Kontos, A. and Korobko, M. and Korth, W. Z. and Kowalska, I. and Kozak, D. B. and Kr{\"{a}}mer, C. and Kringel, V. and Krishnan, B. and Kr{\'{o}}lak, A. and Kuehn, G. and Kumar, P. and Kumar, R. and Kumar, S. and Kuo, L. and Kutynia, A. and Kwang, S. and Lackey, B. D. and Lai, K. H. and Landry, M. and Lang, R. N. and Lange, J. and Lantz, B. and Lanza, R. K. and Lartaux-Vollard, A. and Lasky, P. D. and Laxen, M. and Lazzarini, A. and Lazzaro, C. and Leaci, P. and Leavey, S. and Lee, C. H. and Lee, H. K. and Lee, H. M. and Lee, H. W. and Lee, K. and Lehmann, J. and Lenon, A. and Leonardi, M. and Leroy, N. and Letendre, N. and Levin, Y. and Li, T. G. F. and Linker, S. D. and Littenberg, T. B. and Liu, J. and Lo, R. K. L. and Lockerbie, N. A. and London, L. T. and Lord, J. E. and Lorenzini, M. and Loriette, V. and Lormand, M. and Losurdo, G. and Lough, J. D. and Lousto, C. O. and Lovelace, G. and L{\"{u}}ck, H. and Lumaca, D. and Lundgren, A. P. and Lynch, R. and Ma, Y. and Macas, R. and Macfoy, S. and Machenschalk, B. and MacInnis, M. and Macleod, D. M. and Hernandez, I. Maga{\~{n}}a and Maga{\~{n}}a-Sandoval, F. and Zertuche, L. Maga{\~{n}}a and Magee, R. M. and Majorana, E. and Maksimovic, I. and Man, N. and Mandic, V. and Mangano, V. and Mansell, G. L. and Manske, M. and Mantovani, M. and Marchesoni, F. and Marion, F. and M{\'{a}}rka, S. and M{\'{a}}rka, Z. and Markakis, C. and Markosyan, A. S. and Markowitz, A. and Maros, E. and Marquina, A. and Martelli, F. and Martellini, L. and Martin, I. W. and Martin, R. M. and Martynov, D. V. and Mason, K. and Massera, E. and Masserot, A. and Massinger, T. J. and Masso-Reid, M. and Mastrogiovanni, S. and Matas, A. and Matichard, F. and Matone, L. and Mavalvala, N. and Mazumder, N. and McCarthy, R. and McClelland, D. E. and McCormick, S. and McCuller, L. and McGuire, S. C. and McIntyre, G. and McIver, J. and McManus, D. J. and McNeill, L. and McRae, T. and McWilliams, S. T. and Meacher, D. and Meadors, G. D. and Mehmet, M. and Meidam, J. and Mejuto-Villa, E. and Melatos, A. and Mendell, G. and Mercer, R. A. and Merilh, E. L. and Merzougui, M. and Meshkov, S. and Messenger, C. and Messick, C. and Metzdorff, R. and Meyers, P. M. and Miao, H. and Michel, C. and Middleton, H. and Mikhailov, E. E. and Milano, L. and Miller, A. L. and Miller, B. B. and Miller, J. and Millhouse, M. and Milovich-Goff, M. C. and Minazzoli, O. and Minenkov, Y. and Ming, J. and Mishra, C. and Mitra, S. and Mitrofanov, V. P. and Mitselmakher, G. and Mittleman, R. and Moffa, D. and Moggi, A. and Mogushi, K. and Mohan, M. and Mohapatra, S. R. P. and Montani, M. and Moore, C. J. and Moraru, D. and Moreno, G. and Morriss, S. R. and Mours, B. and Mow-Lowry, C. M. and Mueller, G. and Muir, A. W. and Mukherjee, Arunava and Mukherjee, D. and Mukherjee, S. and Mukund, N. and Mullavey, A. and Munch, J. and Mu{\~{n}}iz, E. A. and Muratore, M. and Murray, P. G. and Napier, K. and Nardecchia, I. and Naticchioni, L. and Nayak, R. K. and Neilson, J. and Nelemans, G. and Nelson, T. J. N. and Nery, M. and Neunzert, A. and Nevin, L. and Newport, J. M. and Newton, G. and Ng, K. K. Y. and Nguyen, T. T. and Nichols, D. and Nielsen, A. B. and Nissanke, S. and Nitz, A. and Noack, A. and Nocera, F. and Nolting, D. and North, C. and Nuttall, L. K. and Oberling, J. and O'Dea, G. D. and Ogin, G. H. and Oh, J. J. and Oh, S. H. and Ohme, F. and Okada, M. A. and Oliver, M. and Oppermann, P. and Oram, Richard J. and O'Reilly, B. and Ormiston, R. and Ortega, L. F. and O'Shaughnessy, R. and Ossokine, S. and Ottaway, D. J. and Overmier, H. and Owen, B. J. and Pace, A. E. and Page, J. and Page, M. A. and Pai, A. and Pai, S. A. and Palamos, J. R. and Palashov, O. and Palomba, C. and Pal-Singh, A. and Pan, Howard and Pan, Huang-Wei and Pang, B. and Pang, P. T. H. and Pankow, C. and Pannarale, F. and Pant, B. C. and Paoletti, F. and Paoli, A. and Papa, M. A. and Parida, A. and Parker, W. and Pascucci, D. and Pasqualetti, A. and Passaquieti, R. and Passuello, D. and Patil, M. and Patricelli, B. and Pearlstone, B. L. and Pedraza, M. and Pedurand, R. and Pekowsky, L. and Pele, A. and Penn, S. and Perez, C. J. and Perreca, A. and Perri, L. M. and Pfeiffer, H. P. and Phelps, M. and Piccinni, O. J. and Pichot, M. and Piergiovanni, F. and Pierro, V. and Pillant, G. and Pinard, L. and Pinto, I. M. and Pirello, M. and Pitkin, M. and Poe, M. and Poggiani, R. and Popolizio, P. and Porter, E. K. and Post, A. and Powell, J. and Prasad, J. and Pratt, J. W. W. and Pratten, G. and Predoi, V. and Prestegard, T. and Prijatelj, M. and Principe, M. and Privitera, S. and Prodi, G. A. and Prokhorov, L. G. and Puncken, O. and Punturo, M. and Puppo, P. and P{\"{u}}rrer, M. and Qi, H. and Quetschke, V. and Quintero, E. A. and Quitzow-James, R. and Raab, F. J. and Rabeling, D. S. and Radkins, H. and Raffai, P. and Raja, S. and Rajan, C. and Rajbhandari, B. and Rakhmanov, M. and Ramirez, K. E. and Ramos-Buades, A. and Rapagnani, P. and Raymond, V. and Razzano, M. and Read, J. and Regimbau, T. and Rei, L. and Reid, S. and Reitze, D. H. and Ren, W. and Reyes, S. D. and Ricci, F. and Ricker, P. M. and Rieger, S. and Riles, K. and Rizzo, M. and Robertson, N. A. and Robie, R. and Robinet, F. and Rocchi, A. and Rolland, L. and Rollins, J. G. and Roma, V. J. and Romano, R. and Romel, C. L. and Romie, J. H. and Rosi{\'{n}}ska, D. and Ross, M. P. and Rowan, S. and R{\"{u}}diger, A. and Ruggi, P. and Rutins, G. and Ryan, K. and Sachdev, S. and Sadecki, T. and Sadeghian, L. and Sakellariadou, M. and Salconi, L. and Saleem, M. and Salemi, F. and Samajdar, A. and Sammut, L. and Sampson, L. M. and Sanchez, E. J. and Sanchez, L. E. and Sanchis-Gual, N. and Sandberg, V. and Sanders, J. R. and Sassolas, B. and Sathyaprakash, B. S. and Saulson, P. R. and Sauter, O. and Savage, R. L. and Sawadsky, A. and Schale, P. and Scheel, M. and Scheuer, J. and Schmidt, J. and Schmidt, P. and Schnabel, R. and Schofield, R. M. S. and Sch{\"{o}}nbeck, A. and Schreiber, E. and Schuette, D. and Schulte, B. W. and Schutz, B. F. and Schwalbe, S. G. and Scott, J. and Scott, S. M. and Seidel, E. and Sellers, D. and Sengupta, A. S. and Sentenac, D. and Sequino, V. and Sergeev, A. and Shaddock, D. A. and Shaffer, T. J. and Shah, A. A. and Shahriar, M. S. and Shaner, M. B. and Shao, L. and Shapiro, B. and Shawhan, P. and Sheperd, A. and Shoemaker, D. H. and Shoemaker, D. M. and Siellez, K. and Siemens, X. and Sieniawska, M. and Sigg, D. and Silva, A. D. and Singer, L. P. and Singh, A. and Singhal, A. and Sintes, A. M. and Slagmolen, B. J. J. and Smith, B. and Smith, J. R. and Smith, R. J. E. and Somala, S. and Son, E. J. and Sonnenberg, J. A. and Sorazu, B. and Sorrentino, F. and Souradeep, T. and Spencer, A. P. and Srivastava, A. K. and Staats, K. and Staley, A. and Steinke, M. and Steinlechner, J. and Steinlechner, S. and Steinmeyer, D. and Stevenson, S. P. and Stone, R. and Stops, D. J. and Strain, K. A. and Stratta, G. and Strigin, S. E. and Strunk, A. and Sturani, R. and Stuver, A. L. and Summerscales, T. Z. and Sun, L. and Sunil, S. and Suresh, J. and Sutton, P. J. and Swinkels, B. L. and Szczepa{\'{n}}czyk, M. J. and Tacca, M. and Tait, S. C. and Talbot, C. and Talukder, D. and Tanner, D. B. and T{\'{a}}pai, M. and Taracchini, A. and Tasson, J. D. and Taylor, J. A. and Taylor, R. and Tewari, S. V. and Theeg, T. and Thies, F. and Thomas, E. G. and Thomas, M. and Thomas, P. and Thorne, K. A. and Thrane, E. and Tiwari, S. and Tiwari, V. and Tokmakov, K. V. and Toland, K. and Tonelli, M. and Tornasi, Z. and Torres-Forn{\'{e}}, A. and Torrie, C. I. and T{\"{o}}yr{\"{a}}, D. and Travasso, F. and Traylor, G. and Trinastic, J. and Tringali, M. C. and Trozzo, L. and Tsang, K. W. and Tse, M. and Tso, R. and Tsukada, L. and Tsuna, D. and Tuyenbayev, D. and Ueno, K. and Ugolini, D. and Unnikrishnan, C. S. and Urban, A. L. and Usman, S. A. and Vahlbruch, H. and Vajente, G. and Valdes, G. and van Bakel, N. and van Beuzekom, M. and van den Brand, J. F. J. and Broeck, C. Van Den and Vander-Hyde, D. C. and van der Schaaf, L. and van Heijningen, J. V. and van Veggel, A. A. and Vardaro, M. and Varma, V. and Vass, S. and Vas{\'{u}}th, M. and Vecchio, A. and Vedovato, G. and Veitch, J. and Veitch, P. J. and Venkateswara, K. and Venugopalan, G. and Verkindt, D. and Vetrano, F. and Vicer{\'{e}}, A. and Viets, A. D. and Vinciguerra, S. and Vine, D. J. and Vinet, J.-Y. and Vitale, S. and Vo, T. and Vocca, H. and Vorvick, C. and Vyatchanin, S. P. and Wade, A. R. and Wade, L. E. and Wade, M. and Walet, R. and Walker, M. and Wallace, L. and Walsh, S. and Wang, G. and Wang, H. and Wang, J. Z. and Wang, W. H. and Wang, Y. F. and Ward, R. L. and Warner, J. and Was, M. and Watchi, J. and Weaver, B. and Wei, L.-W. and Weinert, M. and Weinstein, A. J. and Weiss, R. and Wen, L. and Wessel, E. K. and We{\ss}els, P. and Westerweck, J. and Westphal, T. and Wette, K. and Whelan, J. T. and Whiting, B. F. and Whittle, C. and Wilken, D. and Williams, D. and Williams, R. D. and Williamson, A. R. and Willis, J. L. and Willke, B. and Wimmer, M. H. and Winkler, W. and Wipf, C. C. and Wittel, H. and Woan, G. and Woehler, J. and Wofford, J. and Wong, K. W. K. and Worden, J. and Wright, J. L. and Wu, D. S. and Wysocki, D. M. and Xiao, S. and Yamamoto, H. and Yancey, C. C. and Yang, L. and Yap, M. J. and Yazback, M. and Yu, Hang and Yu, Haocun and Yvert, M. and Zadro{\.{z}}ny, A. and Zanolin, M. and Zelenova, T. and Zendri, J.-P. and Zevin, M. and Zhang, L. and Zhang, M. and Zhang, T. and Zhang, Y.-H. and Zhao, C. and Zhou, M. and Zhou, Z. and Zhu, S. J. and Zhu, X. J. and Zimmerman, A. B. and Zucker, M. E. and Zweizig, J. and Collaboration), (LIGO Scientific Collaboration and Virgo},
	Doi = {10.3847/2041-8213/AA9F0C},
	File = {:home/michael/Documents/Mendeley{\_}Desktop/Abbott et al. - 2017 - GW170608 Observation of a 19 Solar-mass Binary Black Hole Coalescence.pdf:pdf},
	Issn = {2041-8205},
	Journal = {The Astrophysical Journal Letters},
	Month = {dec},
	Number = {2},
	Pages = {L35},
	Publisher = {IOP Publishing},
	Title = {{GW170608: Observation of a 19 Solar-mass Binary Black Hole Coalescence}},
	Url = {http://iopscience.iop.org/article/10.3847/2041-8213/aa9f0c},
	Volume = {851},
	Year = {2017},
	Bdsk-Url-1 = {http://iopscience.iop.org/article/10.3847/2041-8213/aa9f0c},
	Bdsk-Url-2 = {https://doi.org/10.3847/2041-8213/AA9F0C}}

@article{Abbott2016,
	Author = {Abbott, B.â€‰P. and Abbott, R. and Abbott, T.â€‰D. and Abernathy, M.â€‰R. and Acernese, F. and Ackley, K. and Adams, C. and Adams, T. and Addesso, P. and Adhikari, R.â€‰X. and Adya, V.â€‰B. and Affeldt, C. and Agathos, M. and Agatsuma, K. and Aggarwal, N. and Aguiar, O.â€‰D. and Aiello, L. and Ain, A. and Ajith, P. and Allen, B. and Allocca, A. and Altin, P.â€‰A. and Anderson, S.â€‰B. and Anderson, W.â€‰G. and Arai, K. and Arain, M.â€‰A. and Araya, M.â€‰C. and Arceneaux, C.â€‰C. and Areeda, J.â€‰S. and Arnaud, N. and Arun, K.â€‰G. and Ascenzi, S. and Ashton, G. and Ast, M. and Aston, S.â€‰M. and Astone, P. and Aufmuth, P. and Aulbert, C. and Babak, S. and Bacon, P. and Bader, M.â€‰K.â€‰M. and Baker, P.â€‰T. and Baldaccini, F. and Ballardin, G. and Ballmer, S.â€‰W. and Barayoga, J.â€‰C. and Barclay, S.â€‰E. and Barish, B.â€‰C. and Barker, D. and Barone, F. and Barr, B. and Barsotti, L. and Barsuglia, M. and Barta, D. and Bartlett, J. and Barton, M.â€‰A. and Bartos, I. and Bassiri, R. and Basti, A. and Batch, J.â€‰C. and Baune, C. and Bavigadda, V. and Bazzan, M. and Behnke, B. and Bejger, M. and Belczynski, C. and Bell, A.â€‰S. and Bell, C.â€‰J. and Berger, B.â€‰K. and Bergman, J. and Bergmann, G. and Berry, C.â€‰P.â€‰L. and Bersanetti, D. and Bertolini, A. and Betzwieser, J. and Bhagwat, S. and Bhandare, R. and Bilenko, I.â€‰A. and Billingsley, G. and Birch, J. and Birney, R. and Birnholtz, O. and Biscans, S. and Bisht, A. and Bitossi, M. and Biwer, C. and Bizouard, M.â€‰A. and Blackburn, J.â€‰K. and Blair, C.â€‰D. and Blair, D.â€‰G. and Blair, R.â€‰M. and Bloemen, S. and Bock, O. and Bodiya, T.â€‰P. and Boer, M. and Bogaert, G. and Bogan, C. and Bohe, A. and Bojtos, P. and Bond, C. and Bondu, F. and Bonnand, R. and Boom, B.â€‰A. and Bork, R. and Boschi, V. and Bose, S. and Bouffanais, Y. and Bozzi, A. and Bradaschia, C. and Brady, P.â€‰R. and Braginsky, V.â€‰B. and Branchesi, M. and Brau, J.â€‰E. and Briant, T. and Brillet, A. and Brinkmann, M. and Brisson, V. and Brockill, P. and Brooks, A.â€‰F. and Brown, D.â€‰A. and Brown, D.â€‰D. and Brown, N.â€‰M. and Buchanan, C.â€‰C. and Buikema, A. and Bulik, T. and Bulten, H.â€‰J. and Buonanno, A. and Buskulic, D. and Buy, C. and Byer, R.â€‰L. and Cabero, M. and Cadonati, L. and Cagnoli, G. and Cahillane, C. and Bustillo, J. Calder{\'{o}}n and Callister, T. and Calloni, E. and Camp, J.â€‰B. and Cannon, K.â€‰C. and Cao, J. and Capano, C.â€‰D. and Capocasa, E. and Carbognani, F. and Caride, S. and Diaz, J. Casanueva and Casentini, C. and Caudill, S. and Cavagli{\`{a}}, M. and Cavalier, F. and Cavalieri, R. and Cella, G. and Cepeda, C.â€‰B. and Baiardi, L. Cerboni and Cerretani, G. and Cesarini, E. and Chakraborty, R. and Chalermsongsak, T. and Chamberlin, S.â€‰J. and Chan, M. and Chao, S. and Charlton, P. and Chassande-Mottin, E. and Chen, H.â€‰Y. and Chen, Y. and Cheng, C. and Chincarini, A. and Chiummo, A. and Cho, H.â€‰S. and Cho, M. and Chow, J.â€‰H. and Christensen, N. and Chu, Q. and Chua, S. and Chung, S. and Ciani, G. and Clara, F. and Clark, J.â€‰A. and Cleva, F. and Coccia, E. and Cohadon, P.-F. and Colla, A. and Collette, C.â€‰G. and Cominsky, L. and Constancio, M. and Conte, A. and Conti, L. and Cook, D. and Corbitt, T.â€‰R. and Cornish, N. and Corsi, A. and Cortese, S. and Costa, C.â€‰A. and Coughlin, M.â€‰W. and Coughlin, S.â€‰B. and Coulon, J.-P. and Countryman, S.â€‰T. and Couvares, P. and Cowan, E.â€‰E. and Coward, D.â€‰M. and Cowart, M.â€‰J. and Coyne, D.â€‰C. and Coyne, R. and Craig, K. and Creighton, J.â€‰D.â€‰E. and Creighton, T.â€‰D. and Cripe, J. and Crowder, S.â€‰G. and Cruise, A.â€‰M. and Cumming, A. and Cunningham, L. and Cuoco, E. and Canton, T. Dal and Danilishin, S.â€‰L. and D'Antonio, S. and Danzmann, K. and Darman, N.â€‰S. and {Da Silva Costa}, C.â€‰F. and Dattilo, V. and Dave, I. and Daveloza, H.â€‰P. and Davier, M. and Davies, G.â€‰S. and Daw, E.â€‰J. and Day, R. and De, S. and DeBra, D. and Debreczeni, G. and Degallaix, J. and {De Laurentis}, M. and Del{\'{e}}glise, S. and {Del Pozzo}, W. and Denker, T. and Dent, T. and Dereli, H. and Dergachev, V. and DeRosa, R.â€‰T. and {De Rosa}, R. and DeSalvo, R. and Dhurandhar, S. and D{\'{i}}az, M.â€‰C. and {Di Fiore}, L. and {Di Giovanni}, M. and {Di Lieto}, A. and {Di Pace}, S. and {Di Palma}, I. and {Di Virgilio}, A. and Dojcinoski, G. and Dolique, V. and Donovan, F. and Dooley, K.â€‰L. and Doravari, S. and Douglas, R. and Downes, T.â€‰P. and Drago, M. and Drever, R.â€‰W.â€‰P. and Driggers, J.â€‰C. and Du, Z. and Ducrot, M. and Dwyer, S.â€‰E. and Edo, T.â€‰B. and Edwards, M.â€‰C. and Effler, A. and Eggenstein, H.-B. and Ehrens, P. and Eichholz, J. and Eikenberry, S.â€‰S. and Engels, W. and Essick, R.â€‰C. and Etzel, T. and Evans, M. and Evans, T.â€‰M. and Everett, R. and Factourovich, M. and Fafone, V. and Fair, H. and Fairhurst, S. and Fan, X. and Fang, Q. and Farinon, S. and Farr, B. and Farr, W.â€‰M. and Favata, M. and Fays, M. and Fehrmann, H. and Fejer, M.â€‰M. and Feldbaum, D. and Ferrante, I. and Ferreira, E.â€‰C. and Ferrini, F. and Fidecaro, F. and Finn, L.â€‰S. and Fiori, I. and Fiorucci, D. and Fisher, R.â€‰P. and Flaminio, R. and Fletcher, M. and Fong, H. and Fournier, J.-D. and Franco, S. and Frasca, S. and Frasconi, F. and Frede, M. and Frei, Z. and Freise, A. and Frey, R. and Frey, V. and Fricke, T.â€‰T. and Fritschel, P. and Frolov, V.â€‰V. and Fulda, P. and Fyffe, M. and Gabbard, H.â€‰A.â€‰G. and Gair, J.â€‰R. and Gammaitoni, L. and Gaonkar, S.â€‰G. and Garufi, F. and Gatto, A. and Gaur, G. and Gehrels, N. and Gemme, G. and Gendre, B. and Genin, E. and Gennai, A. and George, J. and Gergely, L. and Germain, V. and Ghosh, Abhirup and Ghosh, Archisman and Ghosh, S. and Giaime, J.â€‰A. and Giardina, K.â€‰D. and Giazotto, A. and Gill, K. and Glaefke, A. and Gleason, J.â€‰R. and Goetz, E. and Goetz, R. and Gondan, L. and Gonz{\'{a}}lez, G. and Castro, J.â€‰M. Gonzalez and Gopakumar, A. and Gordon, N.â€‰A. and Gorodetsky, M.â€‰L. and Gossan, S.â€‰E. and Gosselin, M. and Gouaty, R. and Graef, C. and Graff, P.â€‰B. and Granata, M. and Grant, A. and Gras, S. and Gray, C. and Greco, G. and Green, A.â€‰C. and Greenhalgh, R.â€‰J.â€‰S. and Groot, P. and Grote, H. and Grunewald, S. and Guidi, G.â€‰M. and Guo, X. and Gupta, A. and Gupta, M.â€‰K. and Gushwa, K.â€‰E. and Gustafson, E.â€‰K. and Gustafson, R. and Hacker, J.â€‰J. and Hall, B.â€‰R. and Hall, E.â€‰D. and Hammond, G. and Haney, M. and Hanke, M.â€‰M. and Hanks, J. and Hanna, C. and Hannam, M.â€‰D. and Hanson, J. and Hardwick, T. and Harms, J. and Harry, G.â€‰M. and Harry, I.â€‰W. and Hart, M.â€‰J. and Hartman, M.â€‰T. and Haster, C.-J. and Haughian, K. and Healy, J. and Heefner, J. and Heidmann, A. and Heintze, M.â€‰C. and Heinzel, G. and Heitmann, H. and Hello, P. and Hemming, G. and Hendry, M. and Heng, I.â€‰S. and Hennig, J. and Heptonstall, A.â€‰W. and Heurs, M. and Hild, S. and Hoak, D. and Hodge, K.â€‰A. and Hofman, D. and Hollitt, S.â€‰E. and Holt, K. and Holz, D.â€‰E. and Hopkins, P. and Hosken, D.â€‰J. and Hough, J. and Houston, E.â€‰A. and Howell, E.â€‰J. and Hu, Y.â€‰M. and Huang, S. and Huerta, E.â€‰A. and Huet, D. and Hughey, B. and Husa, S. and Huttner, S.â€‰H. and Huynh-Dinh, T. and Idrisy, A. and Indik, N. and Ingram, D.â€‰R. and Inta, R. and Isa, H.â€‰N. and Isac, J.-M. and Isi, M. and Islas, G. and Isogai, T. and Iyer, B.â€‰R. and Izumi, K. and Jacobson, M.â€‰B. and Jacqmin, T. and Jang, H. and Jani, K. and Jaranowski, P. and Jawahar, S. and Jim{\'{e}}nez-Forteza, F. and Johnson, W.â€‰W. and Johnson-McDaniel, N.â€‰K. and Jones, D.â€‰I. and Jones, R. and Jonker, R.â€‰J.â€‰G. and Ju, L. and Haris, K. and Kalaghatgi, C.â€‰V. and Kalogera, V. and Kandhasamy, S. and Kang, G. and Kanner, J.â€‰B. and Karki, S. and Kasprzack, M. and Katsavounidis, E. and Katzman, W. and Kaufer, S. and Kaur, T. and Kawabe, K. and Kawazoe, F. and K{\'{e}}f{\'{e}}lian, F. and Kehl, M.â€‰S. and Keitel, D. and Kelley, D.â€‰B. and Kells, W. and Kennedy, R. and Keppel, D.â€‰G. and Key, J.â€‰S. and Khalaidovski, A. and Khalili, F.â€‰Y. and Khan, I. and Khan, S. and Khan, Z. and Khazanov, E.â€‰A. and Kijbunchoo, N. and Kim, C. and Kim, J. and Kim, K. and Kim, Nam-Gyu and Kim, Namjun and Kim, Y.-M. and King, E.â€‰J. and King, P.â€‰J. and Kinzel, D.â€‰L. and Kissel, J.â€‰S. and Kleybolte, L. and Klimenko, S. and Koehlenbeck, S.â€‰M. and Kokeyama, K. and Koley, S. and Kondrashov, V. and Kontos, A. and Koranda, S. and Korobko, M. and Korth, W.â€‰Z. and Kowalska, I. and Kozak, D.â€‰B. and Kringel, V. and Krishnan, B. and Kr{\'{o}}lak, A. and Krueger, C. and Kuehn, G. and Kumar, P. and Kumar, R. and Kuo, L. and Kutynia, A. and Kwee, P. and Lackey, B.â€‰D. and Landry, M. and Lange, J. and Lantz, B. and Lasky, P.â€‰D. and Lazzarini, A. and Lazzaro, C. and Leaci, P. and Leavey, S. and Lebigot, E.â€‰O. and Lee, C.â€‰H. and Lee, H.â€‰K. and Lee, H.â€‰M. and Lee, K. and Lenon, A. and Leonardi, M. and Leong, J.â€‰R. and Leroy, N. and Letendre, N. and Levin, Y. and Levine, B.â€‰M. and Li, T.â€‰G.â€‰F. and Libson, A. and Littenberg, T.â€‰B. and Lockerbie, N.â€‰A. and Logue, J. and Lombardi, A.â€‰L. and London, L.â€‰T. and Lord, J.â€‰E. and Lorenzini, M. and Loriette, V. and Lormand, M. and Losurdo, G. and Lough, J.â€‰D. and Lousto, C.â€‰O. and Lovelace, G. and L{\"{u}}ck, H. and Lundgren, A.â€‰P. and Luo, J. and Lynch, R. and Ma, Y. and MacDonald, T. and Machenschalk, B. and MacInnis, M. and Macleod, D.â€‰M. and Maga{\~{n}}a-Sandoval, F. and Magee, R.â€‰M. and Mageswaran, M. and Majorana, E. and Maksimovic, I. and Malvezzi, V. and Man, N. and Mandel, I. and Mandic, V. and Mangano, V. and Mansell, G.â€‰L. and Manske, M. and Mantovani, M. and Marchesoni, F. and Marion, F. and M{\'{a}}rka, S. and M{\'{a}}rka, Z. and Markosyan, A.â€‰S. and Maros, E. and Martelli, F. and Martellini, L. and Martin, I.â€‰W. and Martin, R.â€‰M. and Martynov, D.â€‰V. and Marx, J.â€‰N. and Mason, K. and Masserot, A. and Massinger, T.â€‰J. and Masso-Reid, M. and Matichard, F. and Matone, L. and Mavalvala, N. and Mazumder, N. and Mazzolo, G. and McCarthy, R. and McClelland, D.â€‰E. and McCormick, S. and McGuire, S.â€‰C. and McIntyre, G. and McIver, J. and McManus, D.â€‰J. and McWilliams, S.â€‰T. and Meacher, D. and Meadors, G.â€‰D. and Meidam, J. and Melatos, A. and Mendell, G. and Mendoza-Gandara, D. and Mercer, R.â€‰A. and Merilh, E. and Merzougui, M. and Meshkov, S. and Messenger, C. and Messick, C. and Meyers, P.â€‰M. and Mezzani, F. and Miao, H. and Michel, C. and Middleton, H. and Mikhailov, E.â€‰E. and Milano, L. and Miller, J. and Millhouse, M. and Minenkov, Y. and Ming, J. and Mirshekari, S. and Mishra, C. and Mitra, S. and Mitrofanov, V.â€‰P. and Mitselmakher, G. and Mittleman, R. and Moggi, A. and Mohan, M. and Mohapatra, S.â€‰R.â€‰P. and Montani, M. and Moore, B.â€‰C. and Moore, C.â€‰J. and Moraru, D. and Moreno, G. and Morriss, S.â€‰R. and Mossavi, K. and Mours, B. and Mow-Lowry, C.â€‰M. and Mueller, C.â€‰L. and Mueller, G. and Muir, A.â€‰W. and Mukherjee, Arunava and Mukherjee, D. and Mukherjee, S. and Mukund, N. and Mullavey, A. and Munch, J. and Murphy, D.â€‰J. and Murray, P.â€‰G. and Mytidis, A. and Nardecchia, I. and Naticchioni, L. and Nayak, R.â€‰K. and Necula, V. and Nedkova, K. and Nelemans, G. and Neri, M. and Neunzert, A. and Newton, G. and Nguyen, T.â€‰T. and Nielsen, A.â€‰B. and Nissanke, S. and Nitz, A. and Nocera, F. and Nolting, D. and Normandin, M.â€‰E.â€‰N. and Nuttall, L.â€‰K. and Oberling, J. and Ochsner, E. and O'Dell, J. and Oelker, E. and Ogin, G.â€‰H. and Oh, J.â€‰J. and Oh, S.â€‰H. and Ohme, F. and Oliver, M. and Oppermann, P. and Oram, Richard J. and O'Reilly, B. and O'Shaughnessy, R. and Ott, C.â€‰D. and Ottaway, D.â€‰J. and Ottens, R.â€‰S. and Overmier, H. and Owen, B.â€‰J. and Pai, A. and Pai, S.â€‰A. and Palamos, J.â€‰R. and Palashov, O. and Palomba, C. and Pal-Singh, A. and Pan, H. and Pan, Y. and Pankow, C. and Pannarale, F. and Pant, B.â€‰C. and Paoletti, F. and Paoli, A. and Papa, M.â€‰A. and Paris, H.â€‰R. and Parker, W. and Pascucci, D. and Pasqualetti, A. and Passaquieti, R. and Passuello, D. and Patricelli, B. and Patrick, Z. and Pearlstone, B.â€‰L. and Pedraza, M. and Pedurand, R. and Pekowsky, L. and Pele, A. and Penn, S. and Perreca, A. and Pfeiffer, H.â€‰P. and Phelps, M. and Piccinni, O. and Pichot, M. and Pickenpack, M. and Piergiovanni, F. and Pierro, V. and Pillant, G. and Pinard, L. and Pinto, I.â€‰M. and Pitkin, M. and Poeld, J.â€‰H. and Poggiani, R. and Popolizio, P. and Post, A. and Powell, J. and Prasad, J. and Predoi, V. and Premachandra, S.â€‰S. and Prestegard, T. and Price, L.â€‰R. and Prijatelj, M. and Principe, M. and Privitera, S. and Prix, R. and Prodi, G.â€‰A. and Prokhorov, L. and Puncken, O. and Punturo, M. and Puppo, P. and P{\"{u}}rrer, M. and Qi, H. and Qin, J. and Quetschke, V. and Quintero, E.â€‰A. and Quitzow-James, R. and Raab, F.â€‰J. and Rabeling, D.â€‰S. and Radkins, H. and Raffai, P. and Raja, S. and Rakhmanov, M. and Ramet, C.â€‰R. and Rapagnani, P. and Raymond, V. and Razzano, M. and Re, V. and Read, J. and Reed, C.â€‰M. and Regimbau, T. and Rei, L. and Reid, S. and Reitze, D.â€‰H. and Rew, H. and Reyes, S.â€‰D. and Ricci, F. and Riles, K. and Robertson, N.â€‰A. and Robie, R. and Robinet, F. and Rocchi, A. and Rolland, L. and Rollins, J.â€‰G. and Roma, V.â€‰J. and Romano, J.â€‰D. and Romano, R. and Romanov, G. and Romie, J.â€‰H. and Rosi{\'{n}}ska, D. and Rowan, S. and R{\"{u}}diger, A. and Ruggi, P. and Ryan, K. and Sachdev, S. and Sadecki, T. and Sadeghian, L. and Salconi, L. and Saleem, M. and Salemi, F. and Samajdar, A. and Sammut, L. and Sampson, L.â€‰M. and Sanchez, E.â€‰J. and Sandberg, V. and Sandeen, B. and Sanders, G.â€‰H. and Sanders, J.â€‰R. and Sassolas, B. and Sathyaprakash, B.â€‰S. and Saulson, P.â€‰R. and Sauter, O. and Savage, R.â€‰L. and Sawadsky, A. and Schale, P. and Schilling, R. and Schmidt, J. and Schmidt, P. and Schnabel, R. and Schofield, R.â€‰M.â€‰S. and Sch{\"{o}}nbeck, A. and Schreiber, E. and Schuette, D. and Schutz, B.â€‰F. and Scott, J. and Scott, S.â€‰M. and Sellers, D. and Sengupta, A.â€‰S. and Sentenac, D. and Sequino, V. and Sergeev, A. and Serna, G. and Setyawati, Y. and Sevigny, A. and Shaddock, D.â€‰A. and Shaffer, T. and Shah, S. and Shahriar, M.â€‰S. and Shaltev, M. and Shao, Z. and Shapiro, B. and Shawhan, P. and Sheperd, A. and Shoemaker, D.â€‰H. and Shoemaker, D.â€‰M. and Siellez, K. and Siemens, X. and Sigg, D. and Silva, A.â€‰D. and Simakov, D. and Singer, A. and Singer, L.â€‰P. and Singh, A. and Singh, R. and Singhal, A. and Sintes, A.â€‰M. and Slagmolen, B.â€‰J.â€‰J. and Smith, J.â€‰R. and Smith, M.â€‰R. and Smith, N.â€‰D. and Smith, R.â€‰J.â€‰E. and Son, E.â€‰J. and Sorazu, B. and Sorrentino, F. and Souradeep, T. and Srivastava, A.â€‰K. and Staley, A. and Steinke, M. and Steinlechner, J. and Steinlechner, S. and Steinmeyer, D. and Stephens, B.â€‰C. and Stevenson, S.â€‰P. and Stone, R. and Strain, K.â€‰A. and Straniero, N. and Stratta, G. and Strauss, N.â€‰A. and Strigin, S. and Sturani, R. and Stuver, A.â€‰L. and Summerscales, T.â€‰Z. and Sun, L. and Sutton, P.â€‰J. and Swinkels, B.â€‰L. and Szczepa{\'{n}}czyk, M.â€‰J. and Tacca, M. and Talukder, D. and Tanner, D.â€‰B. and T{\'{a}}pai, M. and Tarabrin, S.â€‰P. and Taracchini, A. and Taylor, R. and Theeg, T. and Thirugnanasambandam, M.â€‰P. and Thomas, E.â€‰G. and Thomas, M. and Thomas, P. and Thorne, K.â€‰A. and Thorne, K.â€‰S. and Thrane, E. and Tiwari, S. and Tiwari, V. and Tokmakov, K.â€‰V. and Tomlinson, C. and Tonelli, M. and Torres, C.â€‰V. and Torrie, C.â€‰I. and T{\"{o}}yr{\"{a}}, D. and Travasso, F. and Traylor, G. and Trifir{\`{o}}, D. and Tringali, M.â€‰C. and Trozzo, L. and Tse, M. and Turconi, M. and Tuyenbayev, D. and Ugolini, D. and Unnikrishnan, C.â€‰S. and Urban, A.â€‰L. and Usman, S.â€‰A. and Vahlbruch, H. and Vajente, G. and Valdes, G. and Vallisneri, M. and van Bakel, N. and van Beuzekom, M. and van den Brand, J.â€‰F.â€‰J. and {Van Den Broeck}, C. and Vander-Hyde, D.â€‰C. and van der Schaaf, L. and van Heijningen, J.â€‰V. and van Veggel, A.â€‰A. and Vardaro, M. and Vass, S. and Vas{\'{u}}th, M. and Vaulin, R. and Vecchio, A. and Vedovato, G. and Veitch, J. and Veitch, P.â€‰J. and Venkateswara, K. and Verkindt, D. and Vetrano, F. and Vicer{\'{e}}, A. and Vinciguerra, S. and Vine, D.â€‰J. and Vinet, J.-Y. and Vitale, S. and Vo, T. and Vocca, H. and Vorvick, C. and Voss, D. and Vousden, W.â€‰D. and Vyatchanin, S.â€‰P. and Wade, A.â€‰R. and Wade, L.â€‰E. and Wade, M. and Waldman, S.â€‰J. and Walker, M. and Wallace, L. and Walsh, S. and Wang, G. and Wang, H. and Wang, M. and Wang, X. and Wang, Y. and Ward, H. and Ward, R.â€‰L. and Warner, J. and Was, M. and Weaver, B. and Wei, L.-W. and Weinert, M. and Weinstein, A.â€‰J. and Weiss, R. and Welborn, T. and Wen, L. and We{\ss}els, P. and Westphal, T. and Wette, K. and Whelan, J.â€‰T. and Whitcomb, S.â€‰E. and White, D.â€‰J. and Whiting, B.â€‰F. and Wiesner, K. and Wilkinson, C. and Willems, P.â€‰A. and Williams, L. and Williams, R.â€‰D. and Williamson, A.â€‰R. and Willis, J.â€‰L. and Willke, B. and Wimmer, M.â€‰H. and Winkelmann, L. and Winkler, W. and Wipf, C.â€‰C. and Wiseman, A.â€‰G. and Wittel, H. and Woan, G. and Worden, J. and Wright, J.â€‰L. and Wu, G. and Yablon, J. and Yakushin, I. and Yam, W. and Yamamoto, H. and Yancey, C.â€‰C. and Yap, M.â€‰J. and Yu, H. and Yvert, M. and Zadro{\.{z}}ny, A. and Zangrando, L. and Zanolin, M. and Zendri, J.-P. and Zevin, M. and Zhang, F. and Zhang, L. and Zhang, M. and Zhang, Y. and Zhao, C. and Zhou, M. and Zhou, Z. and Zhu, X.â€‰J. and Zucker, M.â€‰E. and Zuraw, S.â€‰E. and Zweizig, J.},
	Doi = {10.1103/PhysRevLett.116.061102},
	File = {:home/michael/Documents/Mendeley{\_}Desktop/Abbott et al. - 2016 - Observation of Gravitational Waves from a Binary Black Hole Merger.pdf:pdf},
	Issn = {0031-9007},
	Journal = {Physical Review Letters},
	Month = {feb},
	Number = {6},
	Pages = {061102},
	Publisher = {American Physical Society},
	Title = {{Observation of Gravitational Waves from a Binary Black Hole Merger}},
	Url = {https://link.aps.org/doi/10.1103/PhysRevLett.116.061102},
	Volume = {116},
	Year = {2016},
	Bdsk-Url-1 = {https://link.aps.org/doi/10.1103/PhysRevLett.116.061102},
	Bdsk-Url-2 = {https://doi.org/10.1103/PhysRevLett.116.061102}}

@article{Abbott2016a,
	Author = {Abbott, B.â€‰P. and Abbott, R. and Abbott, T.â€‰D. and Abernathy, M.â€‰R. and Acernese, F. and Ackley, K. and Adams, C. and Adams, T. and Addesso, P. and Adhikari, R.â€‰X. and Adya, V.â€‰B. and Affeldt, C. and Agathos, M. and Agatsuma, K. and Aggarwal, N. and Aguiar, O.â€‰D. and Aiello, L. and Ain, A. and Ajith, P. and Allen, B. and Allocca, A. and Altin, P.â€‰A. and Anderson, S.â€‰B. and Anderson, W.â€‰G. and Arai, K. and Araya, M.â€‰C. and Arceneaux, C.â€‰C. and Areeda, J.â€‰S. and Arnaud, N. and Arun, K.â€‰G. and Ascenzi, S. and Ashton, G. and Ast, M. and Aston, S.â€‰M. and Astone, P. and Aufmuth, P. and Aulbert, C. and Babak, S. and Bacon, P. and Bader, M.â€‰K.â€‰M. and Baker, P.â€‰T. and Baldaccini, F. and Ballardin, G. and Ballmer, S.â€‰W. and Barayoga, J.â€‰C. and Barclay, S.â€‰E. and Barish, B.â€‰C. and Barker, D. and Barone, F. and Barr, B. and Barsotti, L. and Barsuglia, M. and Barta, D. and Bartlett, J. and Bartos, I. and Bassiri, R. and Basti, A. and Batch, J.â€‰C. and Baune, C. and Bavigadda, V. and Bazzan, M. and Bejger, M. and Bell, A.â€‰S. and Berger, B.â€‰K. and Bergmann, G. and Berry, C.â€‰P.â€‰L. and Bersanetti, D. and Bertolini, A. and Betzwieser, J. and Bhagwat, S. and Bhandare, R. and Bilenko, I.â€‰A. and Billingsley, G. and Birch, J. and Birney, R. and Birnholtz, O. and Biscans, S. and Bisht, A. and Bitossi, M. and Biwer, C. and Bizouard, M.â€‰A. and Blackburn, J.â€‰K. and Blair, C.â€‰D. and Blair, D.â€‰G. and Blair, R.â€‰M. and Bloemen, S. and Bock, O. and Boer, M. and Bogaert, G. and Bogan, C. and Bohe, A. and Bond, C. and Bondu, F. and Bonnand, R. and Boom, B.â€‰A. and Bork, R. and Boschi, V. and Bose, S. and Bouffanais, Y. and Bozzi, A. and Bradaschia, C. and Brady, P.â€‰R. and Braginsky, V.â€‰B. and Branchesi, M. and Brau, J.â€‰E. and Briant, T. and Brillet, A. and Brinkmann, M. and Brisson, V. and Brockill, P. and Broida, J.â€‰E. and Brooks, A.â€‰F. and Brown, D.â€‰A. and Brown, D.â€‰D. and Brown, N.â€‰M. and Brunett, S. and Buchanan, C.â€‰C. and Buikema, A. and Bulik, T. and Bulten, H.â€‰J. and Buonanno, A. and Buskulic, D. and Buy, C. and Byer, R.â€‰L. and Cabero, M. and Cadonati, L. and Cagnoli, G. and Cahillane, C. and {Calder{\'{o}}n Bustillo}, J. and Callister, T. and Calloni, E. and Camp, J.â€‰B. and Cannon, K.â€‰C. and Cao, J. and Capano, C.â€‰D. and Capocasa, E. and Carbognani, F. and Caride, S. and {Casanueva Diaz}, J. and Casentini, C. and Caudill, S. and Cavagli{\`{a}}, M. and Cavalier, F. and Cavalieri, R. and Cella, G. and Cepeda, C.â€‰B. and {Cerboni Baiardi}, L. and Cerretani, G. and Cesarini, E. and Chamberlin, S.â€‰J. and Chan, M. and Chao, S. and Charlton, P. and Chassande-Mottin, E. and Cheeseboro, B.â€‰D. and Chen, H.â€‰Y. and Chen, Y. and Cheng, C. and Chincarini, A. and Chiummo, A. and Cho, H.â€‰S. and Cho, M. and Chow, J.â€‰H. and Christensen, N. and Chu, Q. and Chua, S. and Chung, S. and Ciani, G. and Clara, F. and Clark, J.â€‰A. and Cleva, F. and Coccia, E. and Cohadon, P.-F. and Colla, A. and Collette, C.â€‰G. and Cominsky, L. and Constancio, M. and Conte, A. and Conti, L. and Cook, D. and Corbitt, T.â€‰R. and Cornish, N. and Corsi, A. and Cortese, S. and Costa, C.â€‰A. and Coughlin, M.â€‰W. and Coughlin, S.â€‰B. and Coulon, J.-P. and Countryman, S.â€‰T. and Couvares, P. and Cowan, E.â€‰E. and Coward, D.â€‰M. and Cowart, M.â€‰J. and Coyne, D.â€‰C. and Coyne, R. and Craig, K. and Creighton, J.â€‰D.â€‰E. and Cripe, J. and Crowder, S.â€‰G. and Cumming, A. and Cunningham, L. and Cuoco, E. and {Dal Canton}, T. and Danilishin, S.â€‰L. and D'Antonio, S. and Danzmann, K. and Darman, N.â€‰S. and Dasgupta, A. and {Da Silva Costa}, C.â€‰F. and Dattilo, V. and Dave, I. and Davier, M. and Davies, G.â€‰S. and Daw, E.â€‰J. and Day, R. and De, S. and DeBra, D. and Debreczeni, G. and Degallaix, J. and {De Laurentis}, M. and Del{\'{e}}glise, S. and {Del Pozzo}, W. and Denker, T. and Dent, T. and Dergachev, V. and {De Rosa}, R. and DeRosa, R.â€‰T. and DeSalvo, R. and Devine, R.â€‰C. and Dhurandhar, S. and D{\'{i}}az, M.â€‰C. and {Di Fiore}, L. and {Di Giovanni}, M. and {Di Girolamo}, T. and {Di Lieto}, A. and {Di Pace}, S. and {Di Palma}, I. and {Di Virgilio}, A. and Dolique, V. and Donovan, F. and Dooley, K.â€‰L. and Doravari, S. and Douglas, R. and Downes, T.â€‰P. and Drago, M. and Drever, R.â€‰W.â€‰P. and Driggers, J.â€‰C. and Ducrot, M. and Dwyer, S.â€‰E. and Edo, T.â€‰B. and Edwards, M.â€‰C. and Effler, A. and Eggenstein, H.-B. and Ehrens, P. and Eichholz, J. and Eikenberry, S.â€‰S. and Engels, W. and Essick, R.â€‰C. and Etzel, T. and Evans, M. and Evans, T.â€‰M. and Everett, R. and Factourovich, M. and Fafone, V. and Fair, H. and Fairhurst, S. and Fan, X. and Fang, Q. and Farinon, S. and Farr, B. and Farr, W.â€‰M. and Favata, M. and Fays, M. and Fehrmann, H. and Fejer, M.â€‰M. and Fenyvesi, E. and Ferrante, I. and Ferreira, E.â€‰C. and Ferrini, F. and Fidecaro, F. and Fiori, I. and Fiorucci, D. and Fisher, R.â€‰P. and Flaminio, R. and Fletcher, M. and Fong, H. and Fournier, J.-D. and Frasca, S. and Frasconi, F. and Frei, Z. and Freise, A. and Frey, R. and Frey, V. and Fritschel, P. and Frolov, V.â€‰V. and Fulda, P. and Fyffe, M. and Gabbard, H.â€‰A.â€‰G. and Gair, J.â€‰R. and Gammaitoni, L. and Gaonkar, S.â€‰G. and Garufi, F. and Gaur, G. and Gehrels, N. and Gemme, G. and Geng, P. and Genin, E. and Gennai, A. and George, J. and Gergely, L. and Germain, V. and Ghosh, Abhirup and Ghosh, Archisman and Ghosh, S. and Giaime, J.â€‰A. and Giardina, K.â€‰D. and Giazotto, A. and Gill, K. and Glaefke, A. and Goetz, E. and Goetz, R. and Gondan, L. and Gonz{\'{a}}lez, G. and {Gonzalez Castro}, J.â€‰M. and Gopakumar, A. and Gordon, N.â€‰A. and Gorodetsky, M.â€‰L. and Gossan, S.â€‰E. and Gosselin, M. and Gouaty, R. and Grado, A. and Graef, C. and Graff, P.â€‰B. and Granata, M. and Grant, A. and Gras, S. and Gray, C. and Greco, G. and Green, A.â€‰C. and Groot, P. and Grote, H. and Grunewald, S. and Guidi, G.â€‰M. and Guo, X. and Gupta, A. and Gupta, M.â€‰K. and Gushwa, K.â€‰E. and Gustafson, E.â€‰K. and Gustafson, R. and Hacker, J.â€‰J. and Hall, B.â€‰R. and Hall, E.â€‰D. and Hamilton, H. and Hammond, G. and Haney, M. and Hanke, M.â€‰M. and Hanks, J. and Hanna, C. and Hannam, M.â€‰D. and Hanson, J. and Hardwick, T. and Harms, J. and Harry, G.â€‰M. and Harry, I.â€‰W. and Hart, M.â€‰J. and Hartman, M.â€‰T. and Haster, C.-J. and Haughian, K. and Healy, J. and Heidmann, A. and Heintze, M.â€‰C. and Heitmann, H. and Hello, P. and Hemming, G. and Hendry, M. and Heng, I.â€‰S. and Hennig, J. and Henry, J. and Heptonstall, A.â€‰W. and Heurs, M. and Hild, S. and Hoak, D. and Hofman, D. and Holt, K. and Holz, D.â€‰E. and Hopkins, P. and Hough, J. and Houston, E.â€‰A. and Howell, E.â€‰J. and Hu, Y.â€‰M. and Huang, S. and Huerta, E.â€‰A. and Huet, D. and Hughey, B. and Husa, S. and Huttner, S.â€‰H. and Huynh-Dinh, T. and Indik, N. and Ingram, D.â€‰R. and Inta, R. and Isa, H.â€‰N. and Isac, J.-M. and Isi, M. and Isogai, T. and Iyer, B.â€‰R. and Izumi, K. and Jacqmin, T. and Jang, H. and Jani, K. and Jaranowski, P. and Jawahar, S. and Jian, L. and Jim{\'{e}}nez-Forteza, F. and Johnson, W.â€‰W. and Johnson-McDaniel, N.â€‰K. and Jones, D.â€‰I. and Jones, R. and Jonker, R.â€‰J.â€‰G. and Ju, L. and K, Haris and Kalaghatgi, C.â€‰V. and Kalogera, V. and Kandhasamy, S. and Kang, G. and Kanner, J.â€‰B. and Kapadia, S.â€‰J. and Karki, S. and Karvinen, K.â€‰S. and Kasprzack, M. and Katsavounidis, E. and Katzman, W. and Kaufer, S. and Kaur, T. and Kawabe, K. and K{\'{e}}f{\'{e}}lian, F. and Kehl, M.â€‰S. and Keitel, D. and Kelley, D.â€‰B. and Kells, W. and Kennedy, R. and Key, J.â€‰S. and Khalili, F.â€‰Y. and Khan, I. and Khan, S. and Khan, Z. and Khazanov, E.â€‰A. and Kijbunchoo, N. and Kim, Chi-Woong and Kim, Chunglee and Kim, J. and Kim, K. and Kim, N. and Kim, W. and Kim, Y.-M. and Kimbrell, S.â€‰J. and King, E.â€‰J. and King, P.â€‰J. and Kissel, J.â€‰S. and Klein, B. and Kleybolte, L. and Klimenko, S. and Koehlenbeck, S.â€‰M. and Koley, S. and Kondrashov, V. and Kontos, A. and Korobko, M. and Korth, W.â€‰Z. and Kowalska, I. and Kozak, D.â€‰B. and Kringel, V. and Krishnan, B. and Kr{\'{o}}lak, A. and Krueger, C. and Kuehn, G. and Kumar, P. and Kumar, R. and Kuo, L. and Kutynia, A. and Lackey, B.â€‰D. and Landry, M. and Lange, J. and Lantz, B. and Lasky, P.â€‰D. and Laxen, M. and Lazzarini, A. and Lazzaro, C. and Leaci, P. and Leavey, S. and Lebigot, E.â€‰O. and Lee, C.â€‰H. and Lee, H.â€‰K. and Lee, H.â€‰M. and Lee, K. and Lenon, A. and Leonardi, M. and Leong, J.â€‰R. and Leroy, N. and Letendre, N. and Levin, Y. and Lewis, J.â€‰B. and Li, T.â€‰G.â€‰F. and Libson, A. and Littenberg, T.â€‰B. and Lockerbie, N.â€‰A. and Lombardi, A.â€‰L. and London, L.â€‰T. and Lord, J.â€‰E. and Lorenzini, M. and Loriette, V. and Lormand, M. and Losurdo, G. and Lough, J.â€‰D. and Lousto, C.â€‰O. and L{\"{u}}ck, H. and Lundgren, A.â€‰P. and Lynch, R. and Ma, Y. and Machenschalk, B. and MacInnis, M. and Macleod, D.â€‰M. and Maga{\~{n}}a-Sandoval, F. and {Maga{\~{n}}a Zertuche}, L. and Magee, R.â€‰M. and Majorana, E. and Maksimovic, I. and Malvezzi, V. and Man, N. and Mandel, I. and Mandic, V. and Mangano, V. and Mansell, G.â€‰L. and Manske, M. and Mantovani, M. and Marchesoni, F. and Marion, F. and M{\'{a}}rka, S. and M{\'{a}}rka, Z. and Markosyan, A.â€‰S. and Maros, E. and Martelli, F. and Martellini, L. and Martin, I.â€‰W. and Martynov, D.â€‰V. and Marx, J.â€‰N. and Mason, K. and Masserot, A. and Massinger, T.â€‰J. and Masso-Reid, M. and Mastrogiovanni, S. and Matichard, F. and Matone, L. and Mavalvala, N. and Mazumder, N. and McCarthy, R. and McClelland, D.â€‰E. and McCormick, S. and McGuire, S.â€‰C. and McIntyre, G. and McIver, J. and McManus, D.â€‰J. and McRae, T. and McWilliams, S.â€‰T. and Meacher, D. and Meadors, G.â€‰D. and Meidam, J. and Melatos, A. and Mendell, G. and Mercer, R.â€‰A. and Merilh, E.â€‰L. and Merzougui, M. and Meshkov, S. and Messenger, C. and Messick, C. and Metzdorff, R. and Meyers, P.â€‰M. and Mezzani, F. and Miao, H. and Michel, C. and Middleton, H. and Mikhailov, E.â€‰E. and Milano, L. and Miller, A.â€‰L. and Miller, A. and Miller, B.â€‰B. and Miller, J. and Millhouse, M. and Minenkov, Y. and Ming, J. and Mirshekari, S. and Mishra, C. and Mitra, S. and Mitrofanov, V.â€‰P. and Mitselmakher, G. and Mittleman, R. and Moggi, A. and Mohan, M. and Mohapatra, S.â€‰R.â€‰P. and Montani, M. and Moore, B.â€‰C. and Moore, C.â€‰J. and Moraru, D. and Moreno, G. and Morriss, S.â€‰R. and Mossavi, K. and Mours, B. and Mow-Lowry, C.â€‰M. and Mueller, G. and Muir, A.â€‰W. and Mukherjee, Arunava and Mukherjee, D. and Mukherjee, S. and Mukund, N. and Mullavey, A. and Munch, J. and Murphy, D.â€‰J. and Murray, P.â€‰G. and Mytidis, A. and Nardecchia, I. and Naticchioni, L. and Nayak, R.â€‰K. and Nedkova, K. and Nelemans, G. and Nelson, T.â€‰J.â€‰N. and Neri, M. and Neunzert, A. and Newton, G. and Nguyen, T.â€‰T. and Nielsen, A.â€‰B. and Nissanke, S. and Nitz, A. and Nocera, F. and Nolting, D. and Normandin, M.â€‰E.â€‰N. and Nuttall, L.â€‰K. and Oberling, J. and Ochsner, E. and O'Dell, J. and Oelker, E. and Ogin, G.â€‰H. and Oh, J.â€‰J. and Oh, S.â€‰H. and Ohme, F. and Oliver, M. and Oppermann, P. and Oram, Richard J. and O'Reilly, B. and O'Shaughnessy, R. and Ottaway, D.â€‰J. and Overmier, H. and Owen, B.â€‰J. and Pai, A. and Pai, S.â€‰A. and Palamos, J.â€‰R. and Palashov, O. and Palomba, C. and Pal-Singh, A. and Pan, H. and Pankow, C. and Pannarale, F. and Pant, B.â€‰C. and Paoletti, F. and Paoli, A. and Papa, M.â€‰A. and Paris, H.â€‰R. and Parker, W. and Pascucci, D. and Pasqualetti, A. and Passaquieti, R. and Passuello, D. and Patricelli, B. and Patrick, Z. and Pearlstone, B.â€‰L. and Pedraza, M. and Pedurand, R. and Pekowsky, L. and Pele, A. and Penn, S. and Perreca, A. and Perri, L.â€‰M. and Pfeiffer, H.â€‰P. and Phelps, M. and Piccinni, O.â€‰J. and Pichot, M. and Piergiovanni, F. and Pierro, V. and Pillant, G. and Pinard, L. and Pinto, I.â€‰M. and Pitkin, M. and Poe, M. and Poggiani, R. and Popolizio, P. and Post, A. and Powell, J. and Prasad, J. and Predoi, V. and Prestegard, T. and Price, L.â€‰R. and Prijatelj, M. and Principe, M. and Privitera, S. and Prix, R. and Prodi, G.â€‰A. and Prokhorov, L. and Puncken, O. and Punturo, M. and Puppo, P. and P{\"{u}}rrer, M. and Qi, H. and Qin, J. and Qiu, S. and Quetschke, V. and Quintero, E.â€‰A. and Quitzow-James, R. and Raab, F.â€‰J. and Rabeling, D.â€‰S. and Radkins, H. and Raffai, P. and Raja, S. and Rajan, C. and Rakhmanov, M. and Rapagnani, P. and Raymond, V. and Razzano, M. and Re, V. and Read, J. and Reed, C.â€‰M. and Regimbau, T. and Rei, L. and Reid, S. and Reitze, D.â€‰H. and Rew, H. and Reyes, S.â€‰D. and Ricci, F. and Riles, K. and Rizzo, M. and Robertson, N.â€‰A. and Robie, R. and Robinet, F. and Rocchi, A. and Rolland, L. and Rollins, J.â€‰G. and Roma, V.â€‰J. and Romano, J.â€‰D. and Romano, R. and Romanov, G. and Romie, J.â€‰H. and Rosi{\'{n}}ska, D. and Rowan, S. and R{\"{u}}diger, A. and Ruggi, P. and Ryan, K. and Sachdev, S. and Sadecki, T. and Sadeghian, L. and Sakellariadou, M. and Salconi, L. and Saleem, M. and Salemi, F. and Samajdar, A. and Sammut, L. and Sanchez, E.â€‰J. and Sandberg, V. and Sandeen, B. and Sanders, J.â€‰R. and Sassolas, B. and Sathyaprakash, B.â€‰S. and Saulson, P.â€‰R. and Sauter, O.â€‰E.â€‰S. and Savage, R.â€‰L. and Sawadsky, A. and Schale, P. and Schilling, R. and Schmidt, J. and Schmidt, P. and Schnabel, R. and Schofield, R.â€‰M.â€‰S. and Sch{\"{o}}nbeck, A. and Schreiber, E. and Schuette, D. and Schutz, B.â€‰F. and Scott, J. and Scott, S.â€‰M. and Sellers, D. and Sengupta, A.â€‰S. and Sentenac, D. and Sequino, V. and Sergeev, A. and Setyawati, Y. and Shaddock, D.â€‰A. and Shaffer, T. and Shahriar, M.â€‰S. and Shaltev, M. and Shapiro, B. and Shawhan, P. and Sheperd, A. and Shoemaker, D.â€‰H. and Shoemaker, D.â€‰M. and Siellez, K. and Siemens, X. and Sieniawska, M. and Sigg, D. and Silva, A.â€‰D. and Singer, A. and Singer, L.â€‰P. and Singh, A. and Singh, R. and Singhal, A. and Sintes, A.â€‰M. and Slagmolen, B.â€‰J.â€‰J. and Smith, J.â€‰R. and Smith, N.â€‰D. and Smith, R.â€‰J.â€‰E. and Son, E.â€‰J. and Sorazu, B. and Sorrentino, F. and Souradeep, T. and Srivastava, A.â€‰K. and Staley, A. and Steinke, M. and Steinlechner, J. and Steinlechner, S. and Steinmeyer, D. and Stephens, B.â€‰C. and Stevenson, S.â€‰P. and Stone, R. and Strain, K.â€‰A. and Straniero, N. and Stratta, G. and Strauss, N.â€‰A. and Strigin, S. and Sturani, R. and Stuver, A.â€‰L. and Summerscales, T.â€‰Z. and Sun, L. and Sunil, S. and Sutton, P.â€‰J. and Swinkels, B.â€‰L. and Szczepa{\'{n}}czyk, M.â€‰J. and Tacca, M. and Talukder, D. and Tanner, D.â€‰B. and T{\'{a}}pai, M. and Tarabrin, S.â€‰P. and Taracchini, A. and Taylor, R. and Theeg, T. and Thirugnanasambandam, M.â€‰P. and Thomas, E.â€‰G. and Thomas, M. and Thomas, P. and Thorne, K.â€‰A. and Thrane, E. and Tiwari, S. and Tiwari, V. and Tokmakov, K.â€‰V. and Toland, K. and Tomlinson, C. and Tonelli, M. and Tornasi, Z. and Torres, C.â€‰V. and Torrie, C.â€‰I. and T{\"{o}}yr{\"{a}}, D. and Travasso, F. and Traylor, G. and Trifir{\`{o}}, D. and Tringali, M.â€‰C. and Trozzo, L. and Tse, M. and Turconi, M. and Tuyenbayev, D. and Ugolini, D. and Unnikrishnan, C.â€‰S. and Urban, A.â€‰L. and Usman, S.â€‰A. and Vahlbruch, H. and Vajente, G. and Valdes, G. and Vallisneri, M. and van Bakel, N. and van Beuzekom, M. and van den Brand, J.â€‰F.â€‰J. and {Van Den Broeck}, C. and Vander-Hyde, D.â€‰C. and van der Schaaf, L. and van Heijningen, J.â€‰V. and van Veggel, A.â€‰A. and Vardaro, M. and Vass, S. and Vas{\'{u}}th, M. and Vaulin, R. and Vecchio, A. and Vedovato, G. and Veitch, J. and Veitch, P.â€‰J. and Venkateswara, K. and Verkindt, D. and Vetrano, F. and Vicer{\'{e}}, A. and Vinciguerra, S. and Vine, D.â€‰J. and Vinet, J.-Y. and Vitale, S. and Vo, T. and Vocca, H. and Vorvick, C. and Voss, D.â€‰V. and Vousden, W.â€‰D. and Vyatchanin, S.â€‰P. and Wade, A.â€‰R. and Wade, L.â€‰E. and Wade, M. and Walker, M. and Wallace, L. and Walsh, S. and Wang, G. and Wang, H. and Wang, M. and Wang, X. and Wang, Y. and Ward, R.â€‰L. and Warner, J. and Was, M. and Weaver, B. and Wei, L.-W. and Weinert, M. and Weinstein, A.â€‰J. and Weiss, R. and Wen, L. and We{\ss}els, P. and Westphal, T. and Wette, K. and Whelan, J.â€‰T. and Whiting, B.â€‰F. and Williams, R.â€‰D. and Williamson, A.â€‰R. and Willis, J.â€‰L. and Willke, B. and Wimmer, M.â€‰H. and Winkler, W. and Wipf, C.â€‰C. and Wittel, H. and Woan, G. and Woehler, J. and Worden, J. and Wright, J.â€‰L. and Wu, D.â€‰S. and Wu, G. and Yablon, J. and Yam, W. and Yamamoto, H. and Yancey, C.â€‰C. and Yu, H. and Yvert, M. and Zadro{\.{z}}ny, A. and Zangrando, L. and Zanolin, M. and Zendri, J.-P. and Zevin, M. and Zhang, L. and Zhang, M. and Zhang, Y. and Zhao, C. and Zhou, M. and Zhou, Z. and Zhu, X.â€‰J. and Zucker, M.â€‰E. and Zuraw, S.â€‰E. and Zweizig, J. and Boyle, M. and Hemberger, D. and Kidder, L.â€‰E. and Lovelace, G. and Ossokine, S. and Scheel, M. and Szilagyi, B. and Teukolsky, S.},
	Doi = {10.1103/PhysRevLett.116.241103},
	File = {:home/michael/Documents/Mendeley{\_}Desktop/Abbott et al. - 2016 - GW151226 Observation of Gravitational Waves from a 22-Solar-Mass Binary Black Hole Coalescence.pdf:pdf},
	Issn = {0031-9007},
	Journal = {Physical Review Letters},
	Month = {jun},
	Number = {24},
	Pages = {241103},
	Publisher = {American Physical Society},
	Title = {{GW151226: Observation of Gravitational Waves from a 22-Solar-Mass Binary Black Hole Coalescence}},
	Url = {https://link.aps.org/doi/10.1103/PhysRevLett.116.241103},
	Volume = {116},
	Year = {2016},
	Bdsk-Url-1 = {https://link.aps.org/doi/10.1103/PhysRevLett.116.241103},
	Bdsk-Url-2 = {https://doi.org/10.1103/PhysRevLett.116.241103}}

@article{Abbott2017a,
	Author = {Abbott, B.â€‰P. and Abbott, R. and Abbott, T.â€‰D. and Acernese, F. and Ackley, K. and Adams, C. and Adams, T. and Addesso, P. and Adhikari, R.â€‰X. and Adya, V.â€‰B. and Affeldt, C. and Afrough, M. and Agarwal, B. and Agathos, M. and Agatsuma, K. and Aggarwal, N. and Aguiar, O.â€‰D. and Aiello, L. and Ain, A. and Ajith, P. and Allen, B. and Allen, G. and Allocca, A. and Altin, P.â€‰A. and Amato, A. and Ananyeva, A. and Anderson, S.â€‰B. and Anderson, W.â€‰G. and Antier, S. and Appert, S. and Arai, K. and Araya, M.â€‰C. and Areeda, J.â€‰S. and Arnaud, N. and Arun, K.â€‰G. and Ascenzi, S. and Ashton, G. and Ast, M. and Aston, S.â€‰M. and Astone, P. and Aufmuth, P. and Aulbert, C. and AultONeal, K. and Avila-Alvarez, A. and Babak, S. and Bacon, P. and Bader, M.â€‰K.â€‰M. and Bae, S. and Baker, P.â€‰T. and Baldaccini, F. and Ballardin, G. and Ballmer, S.â€‰W. and Banagiri, S. and Barayoga, J.â€‰C. and Barclay, S.â€‰E. and Barish, B.â€‰C. and Barker, D. and Barone, F. and Barr, B. and Barsotti, L. and Barsuglia, M. and Barta, D. and Bartlett, J. and Bartos, I. and Bassiri, R. and Basti, A. and Batch, J.â€‰C. and Baune, C. and Bawaj, M. and Bazzan, M. and B{\'{e}}csy, B. and Beer, C. and Bejger, M. and Belahcene, I. and Bell, A.â€‰S. and Berger, B.â€‰K. and Bergmann, G. and Berry, C.â€‰P.â€‰L. and Bersanetti, D. and Bertolini, A. and Betzwieser, J. and Bhagwat, S. and Bhandare, R. and Bilenko, I.â€‰A. and Billingsley, G. and Billman, C.â€‰R. and Birch, J. and Birney, R. and Birnholtz, O. and Biscans, S. and Bisht, A. and Bitossi, M. and Biwer, C. and Bizouard, M.â€‰A. and Blackburn, J.â€‰K. and Blackman, J. and Blair, C.â€‰D. and Blair, D.â€‰G. and Blair, R.â€‰M. and Bloemen, S. and Bock, O. and Bode, N. and Boer, M. and Bogaert, G. and Bohe, A. and Bondu, F. and Bonnand, R. and Boom, B.â€‰A. and Bork, R. and Boschi, V. and Bose, S. and Bouffanais, Y. and Bozzi, A. and Bradaschia, C. and Brady, P.â€‰R. and Braginsky, V.â€‰B. and Branchesi, M. and Brau, J.â€‰E. and Briant, T. and Brillet, A. and Brinkmann, M. and Brisson, V. and Brockill, P. and Broida, J.â€‰E. and Brooks, A.â€‰F. and Brown, D.â€‰A. and Brown, D.â€‰D. and Brown, N.â€‰M. and Brunett, S. and Buchanan, C.â€‰C. and Buikema, A. and Bulik, T. and Bulten, H.â€‰J. and Buonanno, A. and Buskulic, D. and Buy, C. and Byer, R.â€‰L. and Cabero, M. and Cadonati, L. and Cagnoli, G. and Cahillane, C. and {Calder{\'{o}}n Bustillo}, J. and Callister, T.â€‰A. and Calloni, E. and Camp, J.â€‰B. and Canepa, M. and Canizares, P. and Cannon, K.â€‰C. and Cao, H. and Cao, J. and Capano, C.â€‰D. and Capocasa, E. and Carbognani, F. and Caride, S. and Carney, M.â€‰F. and {Casanueva Diaz}, J. and Casentini, C. and Caudill, S. and Cavagli{\`{a}}, M. and Cavalier, F. and Cavalieri, R. and Cella, G. and Cepeda, C.â€‰B. and {Cerboni Baiardi}, L. and Cerretani, G. and Cesarini, E. and Chamberlin, S.â€‰J. and Chan, M. and Chao, S. and Charlton, P. and Chassande-Mottin, E. and Chatterjee, D. and Chatziioannou, K. and Cheeseboro, B.â€‰D. and Chen, H.â€‰Y. and Chen, Y. and Cheng, H.-P. and Chincarini, A. and Chiummo, A. and Chmiel, T. and Cho, H.â€‰S. and Cho, M. and Chow, J.â€‰H. and Christensen, N. and Chu, Q. and Chua, A.â€‰J.â€‰K. and Chua, S. and Chung, A.â€‰K.â€‰W. and Chung, S. and Ciani, G. and Ciolfi, R. and Cirelli, C.â€‰E. and Cirone, A. and Clara, F. and Clark, J.â€‰A. and Cleva, F. and Cocchieri, C. and Coccia, E. and Cohadon, P.-F. and Colla, A. and Collette, C.â€‰G. and Cominsky, L.â€‰R. and Constancio, M. and Conti, L. and Cooper, S.â€‰J. and Corban, P. and Corbitt, T.â€‰R. and Corley, K.â€‰R. and Cornish, N. and Corsi, A. and Cortese, S. and Costa, C.â€‰A. and Coughlin, M.â€‰W. and Coughlin, S.â€‰B. and Coulon, J.-P. and Countryman, S.â€‰T. and Couvares, P. and Covas, P.â€‰B. and Cowan, E.â€‰E. and Coward, D.â€‰M. and Cowart, M.â€‰J. and Coyne, D.â€‰C. and Coyne, R. and Creighton, J.â€‰D.â€‰E. and Creighton, T.â€‰D. and Cripe, J. and Crowder, S.â€‰G. and Cullen, T.â€‰J. and Cumming, A. and Cunningham, L. and Cuoco, E. and {Dal Canton}, T. and Danilishin, S.â€‰L. and D'Antonio, S. and Danzmann, K. and Dasgupta, A. and {Da Silva Costa}, C.â€‰F. and Dattilo, V. and Dave, I. and Davier, M. and Davis, D. and Daw, E.â€‰J. and Day, B. and De, S. and DeBra, D. and Deelman, E. and Degallaix, J. and {De Laurentis}, M. and Del{\'{e}}glise, S. and {Del Pozzo}, W. and Denker, T. and Dent, T. and Dergachev, V. and {De Rosa}, R. and DeRosa, R.â€‰T. and DeSalvo, R. and Devenson, J. and Devine, R.â€‰C. and Dhurandhar, S. and D{\'{i}}az, M.â€‰C. and {Di Fiore}, L. and {Di Giovanni}, M. and {Di Girolamo}, T. and {Di Lieto}, A. and {Di Pace}, S. and {Di Palma}, I. and {Di Renzo}, F. and Doctor, Z. and Dolique, V. and Donovan, F. and Dooley, K.â€‰L. and Doravari, S. and Dorrington, I. and Douglas, R. and {Dovale {\'{A}}lvarez}, M. and Downes, T.â€‰P. and Drago, M. and Drever, R.â€‰W.â€‰P. and Driggers, J.â€‰C. and Du, Z. and Ducrot, M. and Duncan, J. and Dwyer, S.â€‰E. and Edo, T.â€‰B. and Edwards, M.â€‰C. and Effler, A. and Eggenstein, H.-B. and Ehrens, P. and Eichholz, J. and Eikenberry, S.â€‰S. and Eisenstein, R.â€‰A. and Essick, R.â€‰C. and Etienne, Z.â€‰B. and Etzel, T. and Evans, M. and Evans, T.â€‰M. and Factourovich, M. and Fafone, V. and Fair, H. and Fairhurst, S. and Fan, X. and Farinon, S. and Farr, B. and Farr, W.â€‰M. and Fauchon-Jones, E.â€‰J. and Favata, M. and Fays, M. and Fehrmann, H. and Feicht, J. and Fejer, M.â€‰M. and Fernandez-Galiana, A. and Ferrante, I. and Ferreira, E.â€‰C. and Ferrini, F. and Fidecaro, F. and Fiori, I. and Fiorucci, D. and Fisher, R.â€‰P. and Flaminio, R. and Fletcher, M. and Fong, H. and Forsyth, P.â€‰W.â€‰F. and Forsyth, S.â€‰S. and Fournier, J.-D. and Frasca, S. and Frasconi, F. and Frei, Z. and Freise, A. and Frey, R. and Frey, V. and Fries, E.â€‰M. and Fritschel, P. and Frolov, V.â€‰V. and Fulda, P. and Fyffe, M. and Gabbard, H. and Gabel, M. and Gadre, B.â€‰U. and Gaebel, S.â€‰M. and Gair, J.â€‰R. and Gammaitoni, L. and Ganija, M.â€‰R. and Gaonkar, S.â€‰G. and Garufi, F. and Gaudio, S. and Gaur, G. and Gayathri, V. and Gehrels, N. and Gemme, G. and Genin, E. and Gennai, A. and George, D. and George, J. and Gergely, L. and Germain, V. and Ghonge, S. and Ghosh, Abhirup and Ghosh, Archisman and Ghosh, S. and Giaime, J.â€‰A. and Giardina, K.â€‰D. and Giazotto, A. and Gill, K. and Glover, L. and Goetz, E. and Goetz, R. and Gomes, S. and Gonz{\'{a}}lez, G. and {Gonzalez Castro}, J.â€‰M. and Gopakumar, A. and Gorodetsky, M.â€‰L. and Gossan, S.â€‰E. and Gosselin, M. and Gouaty, R. and Grado, A. and Graef, C. and Granata, M. and Grant, A. and Gras, S. and Gray, C. and Greco, G. and Green, A.â€‰C. and Groot, P. and Grote, H. and Grunewald, S. and Gruning, P. and Guidi, G.â€‰M. and Guo, X. and Gupta, A. and Gupta, M.â€‰K. and Gushwa, K.â€‰E. and Gustafson, E.â€‰K. and Gustafson, R. and Hall, B.â€‰R. and Hall, E.â€‰D. and Hammond, G. and Haney, M. and Hanke, M.â€‰M. and Hanks, J. and Hanna, C. and Hannam, M.â€‰D. and Hannuksela, O.â€‰A. and Hanson, J. and Hardwick, T. and Harms, J. and Harry, G.â€‰M. and Harry, I.â€‰W. and Hart, M.â€‰J. and Haster, C.-J. and Haughian, K. and Healy, J. and Heidmann, A. and Heintze, M.â€‰C. and Heitmann, H. and Hello, P. and Hemming, G. and Hendry, M. and Heng, I.â€‰S. and Hennig, J. and Henry, J. and Heptonstall, A.â€‰W. and Heurs, M. and Hild, S. and Hoak, D. and Hofman, D. and Holt, K. and Holz, D.â€‰E. and Hopkins, P. and Horst, C. and Hough, J. and Houston, E.â€‰A. and Howell, E.â€‰J. and Hu, Y.â€‰M. and Huerta, E.â€‰A. and Huet, D. and Hughey, B. and Husa, S. and Huttner, S.â€‰H. and Huynh-Dinh, T. and Indik, N. and Ingram, D.â€‰R. and Inta, R. and Intini, G. and Isa, H.â€‰N. and Isac, J.-M. and Isi, M. and Iyer, B.â€‰R. and Izumi, K. and Jacqmin, T. and Jani, K. and Jaranowski, P. and Jawahar, S. and Jim{\'{e}}nez-Forteza, F. and Johnson, W.â€‰W. and Johnson-McDaniel, N.â€‰K. and Jones, D.â€‰I. and Jones, R. and Jonker, R.â€‰J.â€‰G. and Ju, L. and Junker, J. and Kalaghatgi, C.â€‰V. and Kalogera, V. and Kandhasamy, S. and Kang, G. and Kanner, J.â€‰B. and Karki, S. and Karvinen, K.â€‰S. and Kasprzack, M. and Katolik, M. and Katsavounidis, E. and Katzman, W. and Kaufer, S. and Kawabe, K. and K{\'{e}}f{\'{e}}lian, F. and Keitel, D. and Kemball, A.â€‰J. and Kennedy, R. and Kent, C. and Key, J.â€‰S. and Khalili, F.â€‰Y. and Khan, I. and Khan, S. and Khan, Z. and Khazanov, E.â€‰A. and Kijbunchoo, N. and Kim, Chunglee and Kim, J.â€‰C. and Kim, W. and Kim, W.â€‰S. and Kim, Y.-M. and Kimbrell, S.â€‰J. and King, E.â€‰J. and King, P.â€‰J. and Kirchhoff, R. and Kissel, J.â€‰S. and Kleybolte, L. and Klimenko, S. and Koch, P. and Koehlenbeck, S.â€‰M. and Koley, S. and Kondrashov, V. and Kontos, A. and Korobko, M. and Korth, W.â€‰Z. and Kowalska, I. and Kozak, D.â€‰B. and Kr{\"{a}}mer, C. and Kringel, V. and Krishnan, B. and Kr{\'{o}}lak, A. and Kuehn, G. and Kumar, P. and Kumar, R. and Kumar, S. and Kuo, L. and Kutynia, A. and Kwang, S. and Lackey, B.â€‰D. and Lai, K.â€‰H. and Landry, M. and Lang, R.â€‰N. and Lange, J. and Lantz, B. and Lanza, R.â€‰K. and Lartaux-Vollard, A. and Lasky, P.â€‰D. and Laxen, M. and Lazzarini, A. and Lazzaro, C. and Leaci, P. and Leavey, S. and Lee, C.â€‰H. and Lee, H.â€‰K. and Lee, H.â€‰M. and Lee, H.â€‰W. and Lee, K. and Lehmann, J. and Lenon, A. and Leonardi, M. and Leroy, N. and Letendre, N. and Levin, Y. and Li, T.â€‰G.â€‰F. and Libson, A. and Littenberg, T.â€‰B. and Liu, J. and Lo, R.â€‰K.â€‰L. and Lockerbie, N.â€‰A. and London, L.â€‰T. and Lord, J.â€‰E. and Lorenzini, M. and Loriette, V. and Lormand, M. and Losurdo, G. and Lough, J.â€‰D. and Lovelace, G. and L{\"{u}}ck, H. and Lumaca, D. and Lundgren, A.â€‰P. and Lynch, R. and Ma, Y. and Macfoy, S. and Machenschalk, B. and MacInnis, M. and Macleod, D.â€‰M. and {Maga{\~{n}}a Hernandez}, I. and Maga{\~{n}}a-Sandoval, F. and {Maga{\~{n}}a Zertuche}, L. and Magee, R.â€‰M. and Majorana, E. and Maksimovic, I. and Man, N. and Mandic, V. and Mangano, V. and Mansell, G.â€‰L. and Manske, M. and Mantovani, M. and Marchesoni, F. and Marion, F. and M{\'{a}}rka, S. and M{\'{a}}rka, Z. and Markakis, C. and Markosyan, A.â€‰S. and Maros, E. and Martelli, F. and Martellini, L. and Martin, I.â€‰W. and Martynov, D.â€‰V. and Marx, J.â€‰N. and Mason, K. and Masserot, A. and Massinger, T.â€‰J. and Masso-Reid, M. and Mastrogiovanni, S. and Matas, A. and Matichard, F. and Matone, L. and Mavalvala, N. and Mayani, R. and Mazumder, N. and McCarthy, R. and McClelland, D.â€‰E. and McCormick, S. and McCuller, L. and McGuire, S.â€‰C. and McIntyre, G. and McIver, J. and McManus, D.â€‰J. and McRae, T. and McWilliams, S.â€‰T. and Meacher, D. and Meadors, G.â€‰D. and Meidam, J. and Mejuto-Villa, E. and Melatos, A. and Mendell, G. and Mercer, R.â€‰A. and Merilh, E.â€‰L. and Merzougui, M. and Meshkov, S. and Messenger, C. and Messick, C. and Metzdorff, R. and Meyers, P.â€‰M. and Mezzani, F. and Miao, H. and Michel, C. and Middleton, H. and Mikhailov, E.â€‰E. and Milano, L. and Miller, A.â€‰L. and Miller, A. and Miller, B.â€‰B. and Miller, J. and Millhouse, M. and Minazzoli, O. and Minenkov, Y. and Ming, J. and Mishra, C. and Mitra, S. and Mitrofanov, V.â€‰P. and Mitselmakher, G. and Mittleman, R. and Moggi, A. and Mohan, M. and Mohapatra, S.â€‰R.â€‰P. and Montani, M. and Moore, B.â€‰C. and Moore, C.â€‰J. and Moraru, D. and Moreno, G. and Morriss, S.â€‰R. and Mours, B. and Mow-Lowry, C.â€‰M. and Mueller, G. and Muir, A.â€‰W. and Mukherjee, Arunava and Mukherjee, D. and Mukherjee, S. and Mukund, N. and Mullavey, A. and Munch, J. and Muniz, E.â€‰A.â€‰M. and Murray, P.â€‰G. and Napier, K. and Nardecchia, I. and Naticchioni, L. and Nayak, R.â€‰K. and Nelemans, G. and Nelson, T.â€‰J.â€‰N. and Neri, M. and Nery, M. and Neunzert, A. and Newport, J.â€‰M. and Newton, G. and Ng, K.â€‰K.â€‰Y. and Nguyen, T.â€‰T. and Nichols, D. and Nielsen, A.â€‰B. and Nissanke, S. and Nitz, A. and Noack, A. and Nocera, F. and Nolting, D. and Normandin, M.â€‰E.â€‰N. and Nuttall, L.â€‰K. and Oberling, J. and Ochsner, E. and Oelker, E. and Ogin, G.â€‰H. and Oh, J.â€‰J. and Oh, S.â€‰H. and Ohme, F. and Oliver, M. and Oppermann, P. and Oram, Richard J. and O'Reilly, B. and Ormiston, R. and Ortega, L.â€‰F. and O'Shaughnessy, R. and Ottaway, D.â€‰J. and Overmier, H. and Owen, B.â€‰J. and Pace, A.â€‰E. and Page, J. and Page, M.â€‰A. and Pai, A. and Pai, S.â€‰A. and Palamos, J.â€‰R. and Palashov, O. and Palomba, C. and Pal-Singh, A. and Pan, H. and Pang, B. and Pang, P.â€‰T.â€‰H. and Pankow, C. and Pannarale, F. and Pant, B.â€‰C. and Paoletti, F. and Paoli, A. and Papa, M.â€‰A. and Paris, H.â€‰R. and Parker, W. and Pascucci, D. and Pasqualetti, A. and Passaquieti, R. and Passuello, D. and Patricelli, B. and Pearlstone, B.â€‰L. and Pedraza, M. and Pedurand, R. and Pekowsky, L. and Pele, A. and Penn, S. and Perez, C.â€‰J. and Perreca, A. and Perri, L.â€‰M. and Pfeiffer, H.â€‰P. and Phelps, M. and Piccinni, O.â€‰J. and Pichot, M. and Piergiovanni, F. and Pierro, V. and Pillant, G. and Pinard, L. and Pinto, I.â€‰M. and Pitkin, M. and Poggiani, R. and Popolizio, P. and Porter, E.â€‰K. and Post, A. and Powell, J. and Prasad, J. and Pratt, J.â€‰W.â€‰W. and Predoi, V. and Prestegard, T. and Prijatelj, M. and Principe, M. and Privitera, S. and Prodi, G.â€‰A. and Prokhorov, L.â€‰G. and Puncken, O. and Punturo, M. and Puppo, P. and P{\"{u}}rrer, M. and Qi, H. and Qin, J. and Qiu, S. and Quetschke, V. and Quintero, E.â€‰A. and Quitzow-James, R. and Raab, F.â€‰J. and Rabeling, D.â€‰S. and Radkins, H. and Raffai, P. and Raja, S. and Rajan, C. and Rakhmanov, M. and Ramirez, K.â€‰E. and Rapagnani, P. and Raymond, V. and Razzano, M. and Read, J. and Regimbau, T. and Rei, L. and Reid, S. and Reitze, D.â€‰H. and Rew, H. and Reyes, S.â€‰D. and Ricci, F. and Ricker, P.â€‰M. and Rieger, S. and Riles, K. and Rizzo, M. and Robertson, N.â€‰A. and Robie, R. and Robinet, F. and Rocchi, A. and Rolland, L. and Rollins, J.â€‰G. and Roma, V.â€‰J. and Romano, J.â€‰D. and Romano, R. and Romel, C.â€‰L. and Romie, J.â€‰H. and Rosi{\'{n}}ska, D. and Ross, M.â€‰P. and Rowan, S. and R{\"{u}}diger, A. and Ruggi, P. and Ryan, K. and Rynge, M. and Sachdev, S. and Sadecki, T. and Sadeghian, L. and Sakellariadou, M. and Salconi, L. and Saleem, M. and Salemi, F. and Samajdar, A. and Sammut, L. and Sampson, L.â€‰M. and Sanchez, E.â€‰J. and Sandberg, V. and Sandeen, B. and Sanders, J.â€‰R. and Sassolas, B. and Sathyaprakash, B.â€‰S. and Saulson, P.â€‰R. and Sauter, O. and Savage, R.â€‰L. and Sawadsky, A. and Schale, P. and Scheuer, J. and Schmidt, E. and Schmidt, J. and Schmidt, P. and Schnabel, R. and Schofield, R.â€‰M.â€‰S. and Sch{\"{o}}nbeck, A. and Schreiber, E. and Schuette, D. and Schulte, B.â€‰W. and Schutz, B.â€‰F. and Schwalbe, S.â€‰G. and Scott, J. and Scott, S.â€‰M. and Seidel, E. and Sellers, D. and Sengupta, A.â€‰S. and Sentenac, D. and Sequino, V. and Sergeev, A. and Shaddock, D.â€‰A. and Shaffer, T.â€‰J. and Shah, A.â€‰A. and Shahriar, M.â€‰S. and Shao, L. and Shapiro, B. and Shawhan, P. and Sheperd, A. and Shoemaker, D.â€‰H. and Shoemaker, D.â€‰M. and Siellez, K. and Siemens, X. and Sieniawska, M. and Sigg, D. and Silva, A.â€‰D. and Singer, A. and Singer, L.â€‰P. and Singh, A. and Singh, R. and Singhal, A. and Sintes, A.â€‰M. and Slagmolen, B.â€‰J.â€‰J. and Smith, B. and Smith, J.â€‰R. and Smith, R.â€‰J.â€‰E. and Son, E.â€‰J. and Sonnenberg, J.â€‰A. and Sorazu, B. and Sorrentino, F. and Souradeep, T. and Spencer, A.â€‰P. and Srivastava, A.â€‰K. and Staley, A. and Steinke, M. and Steinlechner, J. and Steinlechner, S. and Steinmeyer, D. and Stephens, B.â€‰C. and Stevenson, S.â€‰P. and Stone, R. and Strain, K.â€‰A. and Stratta, G. and Strigin, S.â€‰E. and Sturani, R. and Stuver, A.â€‰L. and Summerscales, T.â€‰Z. and Sun, L. and Sunil, S. and Sutton, P.â€‰J. and Swinkels, B.â€‰L. and Szczepa{\'{n}}czyk, M.â€‰J. and Tacca, M. and Talukder, D. and Tanner, D.â€‰B. and T{\'{a}}pai, M. and Taracchini, A. and Taylor, J.â€‰A. and Taylor, R. and Theeg, T. and Thomas, E.â€‰G. and Thomas, M. and Thomas, P. and Thorne, K.â€‰A. and Thorne, K.â€‰S. and Thrane, E. and Tiwari, S. and Tiwari, V. and Tokmakov, K.â€‰V. and Toland, K. and Tonelli, M. and Tornasi, Z. and Torrie, C.â€‰I. and T{\"{o}}yr{\"{a}}, D. and Travasso, F. and Traylor, G. and Trifir{\`{o}}, D. and Trinastic, J. and Tringali, M.â€‰C. and Trozzo, L. and Tsang, K.â€‰W. and Tse, M. and Tso, R. and Tuyenbayev, D. and Ueno, K. and Ugolini, D. and Unnikrishnan, C.â€‰S. and Urban, A.â€‰L. and Usman, S.â€‰A. and Vahi, K. and Vahlbruch, H. and Vajente, G. and Valdes, G. and Vallisneri, M. and van Bakel, N. and van Beuzekom, M. and van den Brand, J.â€‰F.â€‰J. and {Van Den Broeck}, C. and Vander-Hyde, D.â€‰C. and van der Schaaf, L. and van Heijningen, J.â€‰V. and van Veggel, A.â€‰A. and Vardaro, M. and Varma, V. and Vass, S. and Vas{\'{u}}th, M. and Vecchio, A. and Vedovato, G. and Veitch, J. and Veitch, P.â€‰J. and Venkateswara, K. and Venugopalan, G. and Verkindt, D. and Vetrano, F. and Vicer{\'{e}}, A. and Viets, A.â€‰D. and Vinciguerra, S. and Vine, D.â€‰J. and Vinet, J.-Y. and Vitale, S. and Vo, T. and Vocca, H. and Vorvick, C. and Voss, D.â€‰V. and Vousden, W.â€‰D. and Vyatchanin, S.â€‰P. and Wade, A.â€‰R. and Wade, L.â€‰E. and Wade, M. and Wald, R.â€‰M. and Walet, R. and Walker, M. and Wallace, L. and Walsh, S. and Wang, G. and Wang, H. and Wang, J.â€‰Z. and Wang, M. and Wang, Y.-F. and Wang, Y. and Ward, R.â€‰L. and Warner, J. and Was, M. and Watchi, J. and Weaver, B. and Wei, L.-W. and Weinert, M. and Weinstein, A.â€‰J. and Weiss, R. and Wen, L. and Wessel, E.â€‰K. and We{\ss}els, P. and Westphal, T. and Wette, K. and Whelan, J.â€‰T. and Whiting, B.â€‰F. and Whittle, C. and Williams, D. and Williams, R.â€‰D. and Williamson, A.â€‰R. and Willis, J.â€‰L. and Willke, B. and Wimmer, M.â€‰H. and Winkler, W. and Wipf, C.â€‰C. and Wittel, H. and Woan, G. and Woehler, J. and Wofford, J. and Wong, K.â€‰W.â€‰K. and Worden, J. and Wright, J.â€‰L. and Wu, D.â€‰S. and Wu, G. and Yam, W. and Yamamoto, H. and Yancey, C.â€‰C. and Yap, M.â€‰J. and Yu, Hang and Yu, Haocun and Yvert, M. and Zadro{\.{z}}ny, A. and Zanolin, M. and Zelenova, T. and Zendri, J.-P. and Zevin, M. and Zhang, L. and Zhang, M. and Zhang, T. and Zhang, Y.-H. and Zhao, C. and Zhou, M. and Zhou, Z. and Zhu, X.â€‰J. and Zimmerman, A. and Zucker, M.â€‰E. and Zweizig, J.},
	Doi = {10.1103/PhysRevLett.118.221101},
	File = {:home/michael/Documents/Mendeley{\_}Desktop/Abbott et al. - 2017 - GW170104 Observation of a 50-Solar-Mass Binary Black Hole Coalescence at Redshift 0.2.pdf:pdf},
	Issn = {0031-9007},
	Journal = {Physical Review Letters},
	Month = {jun},
	Number = {22},
	Pages = {221101},
	Publisher = {American Physical Society},
	Title = {{GW170104: Observation of a 50-Solar-Mass Binary Black Hole Coalescence at Redshift 0.2}},
	Url = {http://link.aps.org/doi/10.1103/PhysRevLett.118.221101},
	Volume = {118},
	Year = {2017},
	Bdsk-Url-1 = {http://link.aps.org/doi/10.1103/PhysRevLett.118.221101},
	Bdsk-Url-2 = {https://doi.org/10.1103/PhysRevLett.118.221101}}

@article{Abbott2017b,
	Author = {Abbott, B.â€‰P. and Abbott, R. and Abbott, T.â€‰D. and Acernese, F. and Ackley, K. and Adams, C. and Adams, T. and Addesso, P. and Adhikari, R.â€‰X. and Adya, V.â€‰B. and Affeldt, C. and Afrough, M. and Agarwal, B. and Agathos, M. and Agatsuma, K. and Aggarwal, N. and Aguiar, O.â€‰D. and Aiello, L. and Ain, A. and Ajith, P. and Allen, B. and Allen, G. and Allocca, A. and Altin, P.â€‰A. and Amato, A. and Ananyeva, A. and Anderson, S.â€‰B. and Anderson, W.â€‰G. and Angelova, S.â€‰V. and Antier, S. and Appert, S. and Arai, K. and Araya, M.â€‰C. and Areeda, J.â€‰S. and Arnaud, N. and Arun, K.â€‰G. and Ascenzi, S. and Ashton, G. and Ast, M. and Aston, S.â€‰M. and Astone, P. and Atallah, D.â€‰V. and Aufmuth, P. and Aulbert, C. and AultONeal, K. and Austin, C. and Avila-Alvarez, A. and Babak, S. and Bacon, P. and Bader, M.â€‰K.â€‰M. and Bae, S. and Bailes, M. and Baker, P.â€‰T. and Baldaccini, F. and Ballardin, G. and Ballmer, S.â€‰W. and Banagiri, S. and Barayoga, J.â€‰C. and Barclay, S.â€‰E. and Barish, B.â€‰C. and Barker, D. and Barkett, K. and Barone, F. and Barr, B. and Barsotti, L. and Barsuglia, M. and Barta, D. and Barthelmy, S.â€‰D. and Bartlett, J. and Bartos, I. and Bassiri, R. and Basti, A. and Batch, J.â€‰C. and Bawaj, M. and Bayley, J.â€‰C. and Bazzan, M. and B{\'{e}}csy, B. and Beer, C. and Bejger, M. and Belahcene, I. and Bell, A.â€‰S. and Berger, B.â€‰K. and Bergmann, G. and Bernuzzi, S. and Bero, J.â€‰J. and Berry, C.â€‰P.â€‰L. and Bersanetti, D. and Bertolini, A. and Betzwieser, J. and Bhagwat, S. and Bhandare, R. and Bilenko, I.â€‰A. and Billingsley, G. and Billman, C.â€‰R. and Birch, J. and Birney, R. and Birnholtz, O. and Biscans, S. and Biscoveanu, S. and Bisht, A. and Bitossi, M. and Biwer, C. and Bizouard, M.â€‰A. and Blackburn, J.â€‰K. and Blackman, J. and Blair, C.â€‰D. and Blair, D.â€‰G. and Blair, R.â€‰M. and Bloemen, S. and Bock, O. and Bode, N. and Boer, M. and Bogaert, G. and Bohe, A. and Bondu, F. and Bonilla, E. and Bonnand, R. and Boom, B.â€‰A. and Bork, R. and Boschi, V. and Bose, S. and Bossie, K. and Bouffanais, Y. and Bozzi, A. and Bradaschia, C. and Brady, P.â€‰R. and Branchesi, M. and Brau, J.â€‰E. and Briant, T. and Brillet, A. and Brinkmann, M. and Brisson, V. and Brockill, P. and Broida, J.â€‰E. and Brooks, A.â€‰F. and Brown, D.â€‰A. and Brown, D.â€‰D. and Brunett, S. and Buchanan, C.â€‰C. and Buikema, A. and Bulik, T. and Bulten, H.â€‰J. and Buonanno, A. and Buskulic, D. and Buy, C. and Byer, R.â€‰L. and Cabero, M. and Cadonati, L. and Cagnoli, G. and Cahillane, C. and {Calder{\'{o}}n Bustillo}, J. and Callister, T.â€‰A. and Calloni, E. and Camp, J.â€‰B. and Canepa, M. and Canizares, P. and Cannon, K.â€‰C. and Cao, H. and Cao, J. and Capano, C.â€‰D. and Capocasa, E. and Carbognani, F. and Caride, S. and Carney, M.â€‰F. and Carullo, G. and {Casanueva Diaz}, J. and Casentini, C. and Caudill, S. and Cavagli{\`{a}}, M. and Cavalier, F. and Cavalieri, R. and Cella, G. and Cepeda, C.â€‰B. and Cerd{\'{a}}-Dur{\'{a}}n, P. and Cerretani, G. and Cesarini, E. and Chamberlin, S.â€‰J. and Chan, M. and Chao, S. and Charlton, P. and Chase, E. and Chassande-Mottin, E. and Chatterjee, D. and Chatziioannou, K. and Cheeseboro, B.â€‰D. and Chen, H.â€‰Y. and Chen, X. and Chen, Y. and Cheng, H.-P. and Chia, H. and Chincarini, A. and Chiummo, A. and Chmiel, T. and Cho, H.â€‰S. and Cho, M. and Chow, J.â€‰H. and Christensen, N. and Chu, Q. and Chua, A.â€‰J.â€‰K. and Chua, S. and Chung, A.â€‰K.â€‰W. and Chung, S. and Ciani, G. and Ciolfi, R. and Cirelli, C.â€‰E. and Cirone, A. and Clara, F. and Clark, J.â€‰A. and Clearwater, P. and Cleva, F. and Cocchieri, C. and Coccia, E. and Cohadon, P.-F. and Cohen, D. and Colla, A. and Collette, C.â€‰G. and Cominsky, L.â€‰R. and Constancio, M. and Conti, L. and Cooper, S.â€‰J. and Corban, P. and Corbitt, T.â€‰R. and Cordero-Carri{\'{o}}n, I. and Corley, K.â€‰R. and Cornish, N. and Corsi, A. and Cortese, S. and Costa, C.â€‰A. and Coughlin, M.â€‰W. and Coughlin, S.â€‰B. and Coulon, J.-P. and Countryman, S.â€‰T. and Couvares, P. and Covas, P.â€‰B. and Cowan, E.â€‰E. and Coward, D.â€‰M. and Cowart, M.â€‰J. and Coyne, D.â€‰C. and Coyne, R. and Creighton, J.â€‰D.â€‰E. and Creighton, T.â€‰D. and Cripe, J. and Crowder, S.â€‰G. and Cullen, T.â€‰J. and Cumming, A. and Cunningham, L. and Cuoco, E. and {Dal Canton}, T. and D{\'{a}}lya, G. and Danilishin, S.â€‰L. and D'Antonio, S. and Danzmann, K. and Dasgupta, A. and {Da Silva Costa}, C.â€‰F. and Dattilo, V. and Dave, I. and Davier, M. and Davis, D. and Daw, E.â€‰J. and Day, B. and De, S. and DeBra, D. and Degallaix, J. and {De Laurentis}, M. and Del{\'{e}}glise, S. and {Del Pozzo}, W. and Demos, N. and Denker, T. and Dent, T. and {De Pietri}, R. and Dergachev, V. and {De Rosa}, R. and DeRosa, R.â€‰T. and {De Rossi}, C. and DeSalvo, R. and de Varona, O. and Devenson, J. and Dhurandhar, S. and D{\'{i}}az, M.â€‰C. and Dietrich, T. and {Di Fiore}, L. and {Di Giovanni}, M. and {Di Girolamo}, T. and {Di Lieto}, A. and {Di Pace}, S. and {Di Palma}, I. and {Di Renzo}, F. and Doctor, Z. and Dolique, V. and Donovan, F. and Dooley, K.â€‰L. and Doravari, S. and Dorrington, I. and Douglas, R. and {Dovale {\'{A}}lvarez}, M. and Downes, T.â€‰P. and Drago, M. and Dreissigacker, C. and Driggers, J.â€‰C. and Du, Z. and Ducrot, M. and Dudi, R. and Dupej, P. and Dwyer, S.â€‰E. and Edo, T.â€‰B. and Edwards, M.â€‰C. and Effler, A. and Eggenstein, H.-B. and Ehrens, P. and Eichholz, J. and Eikenberry, S.â€‰S. and Eisenstein, R.â€‰A. and Essick, R.â€‰C. and Estevez, D. and Etienne, Z.â€‰B. and Etzel, T. and Evans, M. and Evans, T.â€‰M. and Factourovich, M. and Fafone, V. and Fair, H. and Fairhurst, S. and Fan, X. and Farinon, S. and Farr, B. and Farr, W.â€‰M. and Fauchon-Jones, E.â€‰J. and Favata, M. and Fays, M. and Fee, C. and Fehrmann, H. and Feicht, J. and Fejer, M.â€‰M. and Fernandez-Galiana, A. and Ferrante, I. and Ferreira, E.â€‰C. and Ferrini, F. and Fidecaro, F. and Finstad, D. and Fiori, I. and Fiorucci, D. and Fishbach, M. and Fisher, R.â€‰P. and Fitz-Axen, M. and Flaminio, R. and Fletcher, M. and Fong, H. and Font, J.â€‰A. and Forsyth, P.â€‰W.â€‰F. and Forsyth, S.â€‰S. and Fournier, J.-D. and Frasca, S. and Frasconi, F. and Frei, Z. and Freise, A. and Frey, R. and Frey, V. and Fries, E.â€‰M. and Fritschel, P. and Frolov, V.â€‰V. and Fulda, P. and Fyffe, M. and Gabbard, H. and Gadre, B.â€‰U. and Gaebel, S.â€‰M. and Gair, J.â€‰R. and Gammaitoni, L. and Ganija, M.â€‰R. and Gaonkar, S.â€‰G. and Garcia-Quiros, C. and Garufi, F. and Gateley, B. and Gaudio, S. and Gaur, G. and Gayathri, V. and Gehrels, N. and Gemme, G. and Genin, E. and Gennai, A. and George, D. and George, J. and Gergely, L. and Germain, V. and Ghonge, S. and Ghosh, Abhirup and Ghosh, Archisman and Ghosh, S. and Giaime, J.â€‰A. and Giardina, K.â€‰D. and Giazotto, A. and Gill, K. and Glover, L. and Goetz, E. and Goetz, R. and Gomes, S. and Goncharov, B. and Gonz{\'{a}}lez, G. and {Gonzalez Castro}, J.â€‰M. and Gopakumar, A. and Gorodetsky, M.â€‰L. and Gossan, S.â€‰E. and Gosselin, M. and Gouaty, R. and Grado, A. and Graef, C. and Granata, M. and Grant, A. and Gras, S. and Gray, C. and Greco, G. and Green, A.â€‰C. and Gretarsson, E.â€‰M. and Groot, P. and Grote, H. and Grunewald, S. and Gruning, P. and Guidi, G.â€‰M. and Guo, X. and Gupta, A. and Gupta, M.â€‰K. and Gushwa, K.â€‰E. and Gustafson, E.â€‰K. and Gustafson, R. and Halim, O. and Hall, B.â€‰R. and Hall, E.â€‰D. and Hamilton, E.â€‰Z. and Hammond, G. and Haney, M. and Hanke, M.â€‰M. and Hanks, J. and Hanna, C. and Hannam, M.â€‰D. and Hannuksela, O.â€‰A. and Hanson, J. and Hardwick, T. and Harms, J. and Harry, G.â€‰M. and Harry, I.â€‰W. and Hart, M.â€‰J. and Haster, C.-J. and Haughian, K. and Healy, J. and Heidmann, A. and Heintze, M.â€‰C. and Heitmann, H. and Hello, P. and Hemming, G. and Hendry, M. and Heng, I.â€‰S. and Hennig, J. and Heptonstall, A.â€‰W. and Heurs, M. and Hild, S. and Hinderer, T. and Ho, W.â€‰C.â€‰G. and Hoak, D. and Hofman, D. and Holt, K. and Holz, D.â€‰E. and Hopkins, P. and Horst, C. and Hough, J. and Houston, E.â€‰A. and Howell, E.â€‰J. and Hreibi, A. and Hu, Y.â€‰M. and Huerta, E.â€‰A. and Huet, D. and Hughey, B. and Husa, S. and Huttner, S.â€‰H. and Huynh-Dinh, T. and Indik, N. and Inta, R. and Intini, G. and Isa, H.â€‰N. and Isac, J.-M. and Isi, M. and Iyer, B.â€‰R. and Izumi, K. and Jacqmin, T. and Jani, K. and Jaranowski, P. and Jawahar, S. and Jim{\'{e}}nez-Forteza, F. and Johnson, W.â€‰W. and Johnson-McDaniel, N.â€‰K. and Jones, D.â€‰I. and Jones, R. and Jonker, R.â€‰J.â€‰G. and Ju, L. and Junker, J. and Kalaghatgi, C.â€‰V. and Kalogera, V. and Kamai, B. and Kandhasamy, S. and Kang, G. and Kanner, J.â€‰B. and Kapadia, S.â€‰J. and Karki, S. and Karvinen, K.â€‰S. and Kasprzack, M. and Kastaun, W. and Katolik, M. and Katsavounidis, E. and Katzman, W. and Kaufer, S. and Kawabe, K. and K{\'{e}}f{\'{e}}lian, F. and Keitel, D. and Kemball, A.â€‰J. and Kennedy, R. and Kent, C. and Key, J.â€‰S. and Khalili, F.â€‰Y. and Khan, I. and Khan, S. and Khan, Z. and Khazanov, E.â€‰A. and Kijbunchoo, N. and Kim, Chunglee and Kim, J.â€‰C. and Kim, K. and Kim, W. and Kim, W.â€‰S. and Kim, Y.-M. and Kimbrell, S.â€‰J. and King, E.â€‰J. and King, P.â€‰J. and Kinley-Hanlon, M. and Kirchhoff, R. and Kissel, J.â€‰S. and Kleybolte, L. and Klimenko, S. and Knowles, T.â€‰D. and Koch, P. and Koehlenbeck, S.â€‰M. and Koley, S. and Kondrashov, V. and Kontos, A. and Korobko, M. and Korth, W.â€‰Z. and Kowalska, I. and Kozak, D.â€‰B. and Kr{\"{a}}mer, C. and Kringel, V. and Krishnan, B. and Kr{\'{o}}lak, A. and Kuehn, G. and Kumar, P. and Kumar, R. and Kumar, S. and Kuo, L. and Kutynia, A. and Kwang, S. and Lackey, B.â€‰D. and Lai, K.â€‰H. and Landry, M. and Lang, R.â€‰N. and Lange, J. and Lantz, B. and Lanza, R.â€‰K. and Larson, S.â€‰L. and Lartaux-Vollard, A. and Lasky, P.â€‰D. and Laxen, M. and Lazzarini, A. and Lazzaro, C. and Leaci, P. and Leavey, S. and Lee, C.â€‰H. and Lee, H.â€‰K. and Lee, H.â€‰M. and Lee, H.â€‰W. and Lee, K. and Lehmann, J. and Lenon, A. and Leon, E. and Leonardi, M. and Leroy, N. and Letendre, N. and Levin, Y. and Li, T.â€‰G.â€‰F. and Linker, S.â€‰D. and Littenberg, T.â€‰B. and Liu, J. and Liu, X. and Lo, R.â€‰K.â€‰L. and Lockerbie, N.â€‰A. and London, L.â€‰T. and Lord, J.â€‰E. and Lorenzini, M. and Loriette, V. and Lormand, M. and Losurdo, G. and Lough, J.â€‰D. and Lousto, C.â€‰O. and Lovelace, G. and L{\"{u}}ck, H. and Lumaca, D. and Lundgren, A.â€‰P. and Lynch, R. and Ma, Y. and Macas, R. and Macfoy, S. and Machenschalk, B. and MacInnis, M. and Macleod, D.â€‰M. and {Maga{\~{n}}a Hernandez}, I. and Maga{\~{n}}a-Sandoval, F. and {Maga{\~{n}}a Zertuche}, L. and Magee, R.â€‰M. and Majorana, E. and Maksimovic, I. and Man, N. and Mandic, V. and Mangano, V. and Mansell, G.â€‰L. and Manske, M. and Mantovani, M. and Marchesoni, F. and Marion, F. and M{\'{a}}rka, S. and M{\'{a}}rka, Z. and Markakis, C. and Markosyan, A.â€‰S. and Markowitz, A. and Maros, E. and Marquina, A. and Marsh, P. and Martelli, F. and Martellini, L. and Martin, I.â€‰W. and Martin, R.â€‰M. and Martynov, D.â€‰V. and Marx, J.â€‰N. and Mason, K. and Massera, E. and Masserot, A. and Massinger, T.â€‰J. and Masso-Reid, M. and Mastrogiovanni, S. and Matas, A. and Matichard, F. and Matone, L. and Mavalvala, N. and Mazumder, N. and McCarthy, R. and McClelland, D.â€‰E. and McCormick, S. and McCuller, L. and McGuire, S.â€‰C. and McIntyre, G. and McIver, J. and McManus, D.â€‰J. and McNeill, L. and McRae, T. and McWilliams, S.â€‰T. and Meacher, D. and Meadors, G.â€‰D. and Mehmet, M. and Meidam, J. and Mejuto-Villa, E. and Melatos, A. and Mendell, G. and Mercer, R.â€‰A. and Merilh, E.â€‰L. and Merzougui, M. and Meshkov, S. and Messenger, C. and Messick, C. and Metzdorff, R. and Meyers, P.â€‰M. and Miao, H. and Michel, C. and Middleton, H. and Mikhailov, E.â€‰E. and Milano, L. and Miller, A.â€‰L. and Miller, B.â€‰B. and Miller, J. and Millhouse, M. and Milovich-Goff, M.â€‰C. and Minazzoli, O. and Minenkov, Y. and Ming, J. and Mishra, C. and Mitra, S. and Mitrofanov, V.â€‰P. and Mitselmakher, G. and Mittleman, R. and Moffa, D. and Moggi, A. and Mogushi, K. and Mohan, M. and Mohapatra, S.â€‰R.â€‰P. and Molina, I. and Montani, M. and Moore, C.â€‰J. and Moraru, D. and Moreno, G. and Morisaki, S. and Morriss, S.â€‰R. and Mours, B. and Mow-Lowry, C.â€‰M. and Mueller, G. and Muir, A.â€‰W. and Mukherjee, Arunava and Mukherjee, D. and Mukherjee, S. and Mukund, N. and Mullavey, A. and Munch, J. and Mu{\~{n}}iz, E.â€‰A. and Muratore, M. and Murray, P.â€‰G. and Nagar, A. and Napier, K. and Nardecchia, I. and Naticchioni, L. and Nayak, R.â€‰K. and Neilson, J. and Nelemans, G. and Nelson, T.â€‰J.â€‰N. and Nery, M. and Neunzert, A. and Nevin, L. and Newport, J.â€‰M. and Newton, G. and Ng, K.â€‰K.â€‰Y. and Nguyen, P. and Nguyen, T.â€‰T. and Nichols, D. and Nielsen, A.â€‰B. and Nissanke, S. and Nitz, A. and Noack, A. and Nocera, F. and Nolting, D. and North, C. and Nuttall, L.â€‰K. and Oberling, J. and O'Dea, G.â€‰D. and Ogin, G.â€‰H. and Oh, J.â€‰J. and Oh, S.â€‰H. and Ohme, F. and Okada, M.â€‰A. and Oliver, M. and Oppermann, P. and Oram, Richard J. and O'Reilly, B. and Ormiston, R. and Ortega, L.â€‰F. and O'Shaughnessy, R. and Ossokine, S. and Ottaway, D.â€‰J. and Overmier, H. and Owen, B.â€‰J. and Pace, A.â€‰E. and Page, J. and Page, M.â€‰A. and Pai, A. and Pai, S.â€‰A. and Palamos, J.â€‰R. and Palashov, O. and Palomba, C. and Pal-Singh, A. and Pan, Howard and Pan, Huang-Wei and Pang, B. and Pang, P.â€‰T.â€‰H. and Pankow, C. and Pannarale, F. and Pant, B.â€‰C. and Paoletti, F. and Paoli, A. and Papa, M.â€‰A. and Parida, A. and Parker, W. and Pascucci, D. and Pasqualetti, A. and Passaquieti, R. and Passuello, D. and Patil, M. and Patricelli, B. and Pearlstone, B.â€‰L. and Pedraza, M. and Pedurand, R. and Pekowsky, L. and Pele, A. and Penn, S. and Perez, C.â€‰J. and Perreca, A. and Perri, L.â€‰M. and Pfeiffer, H.â€‰P. and Phelps, M. and Piccinni, O.â€‰J. and Pichot, M. and Piergiovanni, F. and Pierro, V. and Pillant, G. and Pinard, L. and Pinto, I.â€‰M. and Pirello, M. and Pitkin, M. and Poe, M. and Poggiani, R. and Popolizio, P. and Porter, E.â€‰K. and Post, A. and Powell, J. and Prasad, J. and Pratt, J.â€‰W.â€‰W. and Pratten, G. and Predoi, V. and Prestegard, T. and Prijatelj, M. and Principe, M. and Privitera, S. and Prix, R. and Prodi, G.â€‰A. and Prokhorov, L.â€‰G. and Puncken, O. and Punturo, M. and Puppo, P. and P{\"{u}}rrer, M. and Qi, H. and Quetschke, V. and Quintero, E.â€‰A. and Quitzow-James, R. and Raab, F.â€‰J. and Rabeling, D.â€‰S. and Radkins, H. and Raffai, P. and Raja, S. and Rajan, C. and Rajbhandari, B. and Rakhmanov, M. and Ramirez, K.â€‰E. and Ramos-Buades, A. and Rapagnani, P. and Raymond, V. and Razzano, M. and Read, J. and Regimbau, T. and Rei, L. and Reid, S. and Reitze, D.â€‰H. and Ren, W. and Reyes, S.â€‰D. and Ricci, F. and Ricker, P.â€‰M. and Rieger, S. and Riles, K. and Rizzo, M. and Robertson, N.â€‰A. and Robie, R. and Robinet, F. and Rocchi, A. and Rolland, L. and Rollins, J.â€‰G. and Roma, V.â€‰J. and Romano, J.â€‰D. and Romano, R. and Romel, C.â€‰L. and Romie, J.â€‰H. and Rosi{\'{n}}ska, D. and Ross, M.â€‰P. and Rowan, S. and R{\"{u}}diger, A. and Ruggi, P. and Rutins, G. and Ryan, K. and Sachdev, S. and Sadecki, T. and Sadeghian, L. and Sakellariadou, M. and Salconi, L. and Saleem, M. and Salemi, F. and Samajdar, A. and Sammut, L. and Sampson, L.â€‰M. and Sanchez, E.â€‰J. and Sanchez, L.â€‰E. and Sanchis-Gual, N. and Sandberg, V. and Sanders, J.â€‰R. and Sassolas, B. and Sathyaprakash, B.â€‰S. and Saulson, P.â€‰R. and Sauter, O. and Savage, R.â€‰L. and Sawadsky, A. and Schale, P. and Scheel, M. and Scheuer, J. and Schmidt, J. and Schmidt, P. and Schnabel, R. and Schofield, R.â€‰M.â€‰S. and Sch{\"{o}}nbeck, A. and Schreiber, E. and Schuette, D. and Schulte, B.â€‰W. and Schutz, B.â€‰F. and Schwalbe, S.â€‰G. and Scott, J. and Scott, S.â€‰M. and Seidel, E. and Sellers, D. and Sengupta, A.â€‰S. and Sentenac, D. and Sequino, V. and Sergeev, A. and Shaddock, D.â€‰A. and Shaffer, T.â€‰J. and Shah, A.â€‰A. and Shahriar, M.â€‰S. and Shaner, M.â€‰B. and Shao, L. and Shapiro, B. and Shawhan, P. and Sheperd, A. and Shoemaker, D.â€‰H. and Shoemaker, D.â€‰M. and Siellez, K. and Siemens, X. and Sieniawska, M. and Sigg, D. and Silva, A.â€‰D. and Singer, L.â€‰P. and Singh, A. and Singhal, A. and Sintes, A.â€‰M. and Slagmolen, B.â€‰J.â€‰J. and Smith, B. and Smith, J.â€‰R. and Smith, R.â€‰J.â€‰E. and Somala, S. and Son, E.â€‰J. and Sonnenberg, J.â€‰A. and Sorazu, B. and Sorrentino, F. and Souradeep, T. and Spencer, A.â€‰P. and Srivastava, A.â€‰K. and Staats, K. and Staley, A. and Steinke, M. and Steinlechner, J. and Steinlechner, S. and Steinmeyer, D. and Stevenson, S.â€‰P. and Stone, R. and Stops, D.â€‰J. and Strain, K.â€‰A. and Stratta, G. and Strigin, S.â€‰E. and Strunk, A. and Sturani, R. and Stuver, A.â€‰L. and Summerscales, T.â€‰Z. and Sun, L. and Sunil, S. and Suresh, J. and Sutton, P.â€‰J. and Swinkels, B.â€‰L. and Szczepa{\'{n}}czyk, M.â€‰J. and Tacca, M. and Tait, S.â€‰C. and Talbot, C. and Talukder, D. and Tanner, D.â€‰B. and T{\'{a}}pai, M. and Taracchini, A. and Tasson, J.â€‰D. and Taylor, J.â€‰A. and Taylor, R. and Tewari, S.â€‰V. and Theeg, T. and Thies, F. and Thomas, E.â€‰G. and Thomas, M. and Thomas, P. and Thorne, K.â€‰A. and Thorne, K.â€‰S. and Thrane, E. and Tiwari, S. and Tiwari, V. and Tokmakov, K.â€‰V. and Toland, K. and Tonelli, M. and Tornasi, Z. and Torres-Forn{\'{e}}, A. and Torrie, C.â€‰I. and T{\"{o}}yr{\"{a}}, D. and Travasso, F. and Traylor, G. and Trinastic, J. and Tringali, M.â€‰C. and Trozzo, L. and Tsang, K.â€‰W. and Tse, M. and Tso, R. and Tsukada, L. and Tsuna, D. and Tuyenbayev, D. and Ueno, K. and Ugolini, D. and Unnikrishnan, C.â€‰S. and Urban, A.â€‰L. and Usman, S.â€‰A. and Vahlbruch, H. and Vajente, G. and Valdes, G. and Vallisneri, M. and van Bakel, N. and van Beuzekom, M. and van den Brand, J.â€‰F.â€‰J. and {Van Den Broeck}, C. and Vander-Hyde, D.â€‰C. and van der Schaaf, L. and van Heijningen, J.â€‰V. and van Veggel, A.â€‰A. and Vardaro, M. and Varma, V. and Vass, S. and Vas{\'{u}}th, M. and Vecchio, A. and Vedovato, G. and Veitch, J. and Veitch, P.â€‰J. and Venkateswara, K. and Venugopalan, G. and Verkindt, D. and Vetrano, F. and Vicer{\'{e}}, A. and Viets, A.â€‰D. and Vinciguerra, S. and Vine, D.â€‰J. and Vinet, J.-Y. and Vitale, S. and Vo, T. and Vocca, H. and Vorvick, C. and Vyatchanin, S.â€‰P. and Wade, A.â€‰R. and Wade, L.â€‰E. and Wade, M. and Walet, R. and Walker, M. and Wallace, L. and Walsh, S. and Wang, G. and Wang, H. and Wang, J.â€‰Z. and Wang, W.â€‰H. and Wang, Y.â€‰F. and Ward, R.â€‰L. and Warner, J. and Was, M. and Watchi, J. and Weaver, B. and Wei, L.-W. and Weinert, M. and Weinstein, A.â€‰J. and Weiss, R. and Wen, L. and Wessel, E.â€‰K. and We{\ss}els, P. and Westerweck, J. and Westphal, T. and Wette, K. and Whelan, J.â€‰T. and Whitcomb, S.â€‰E. and Whiting, B.â€‰F. and Whittle, C. and Wilken, D. and Williams, D. and Williams, R.â€‰D. and Williamson, A.â€‰R. and Willis, J.â€‰L. and Willke, B. and Wimmer, M.â€‰H. and Winkler, W. and Wipf, C.â€‰C. and Wittel, H. and Woan, G. and Woehler, J. and Wofford, J. and Wong, K.â€‰W.â€‰K. and Worden, J. and Wright, J.â€‰L. and Wu, D.â€‰S. and Wysocki, D.â€‰M. and Xiao, S. and Yamamoto, H. and Yancey, C.â€‰C. and Yang, L. and Yap, M.â€‰J. and Yazback, M. and Yu, Hang and Yu, Haocun and Yvert, M. and Zadro{\.{z}}ny, A. and Zanolin, M. and Zelenova, T. and Zendri, J.-P. and Zevin, M. and Zhang, L. and Zhang, M. and Zhang, T. and Zhang, Y.-H. and Zhao, C. and Zhou, M. and Zhou, Z. and Zhu, S.â€‰J. and Zhu, X.â€‰J. and Zimmerman, A.â€‰B. and Zucker, M.â€‰E. and Zweizig, J.},
	Doi = {10.1103/PhysRevLett.119.161101},
	File = {:home/michael/Documents/Mendeley{\_}Desktop/Abbott et al. - 2017 - GW170817 Observation of Gravitational Waves from a Binary Neutron Star Inspiral.pdf:pdf},
	Issn = {0031-9007},
	Journal = {Physical Review Letters},
	Month = {oct},
	Number = {16},
	Pages = {161101},
	Publisher = {American Physical Society},
	Title = {{GW170817: Observation of Gravitational Waves from a Binary Neutron Star Inspiral}},
	Url = {https://link.aps.org/doi/10.1103/PhysRevLett.119.161101},
	Volume = {119},
	Year = {2017},
	Bdsk-Url-1 = {https://link.aps.org/doi/10.1103/PhysRevLett.119.161101},
	Bdsk-Url-2 = {https://doi.org/10.1103/PhysRevLett.119.161101}}

@article{Nielsen2015,
	Abstract = {Neural Networks and Deep Learning is a free online book. The book will teach you about: Neural networks, a beautiful biologically-inspired programming paradigm which enables a computer to learn from observational data Deep learning, a powerful set of techniques for learning in neural networks Neural networks and deep learning currently provide the best solutions to many problems in image recognition, speech recognition, and natural language processing. This book will teach you many of the core concepts behind neural networks and deep learning.},
	Author = {Nielsen, Michael},
	Journal = {Determination Press},
	Title = {{Neural Networks and Deep Learning}},
	Year = {2015}}

@incollection{Nielsen1992,
	Author = {ROBERT HECHT-NIELSEN},
	Booktitle = {Neural Networks for Perception},
	Doi = {https://doi.org/10.1016/B978-0-12-741252-8.50010-8},
	Editor = {Harry Wechsler},
	Isbn = {978-0-12-741252-8},
	Pages = {65 - 93},
	Publisher = {Academic Press},
	Title = {III.3 - Theory of the Backpropagation Neural Network**Based on ``nonindent'' by Robert Hecht-Nielsen, which appeared in Proceedings of the International Joint Conference on Neural Networks 1, 593--611, June 1989. {\copyright} 1989 IEEE.},
	Url = {http://www.sciencedirect.com/science/article/pii/B9780127412528500108},
	Year = {1992},
	Bdsk-Url-1 = {http://www.sciencedirect.com/science/article/pii/B9780127412528500108},
	Bdsk-Url-2 = {https://doi.org/10.1016/B978-0-12-741252-8.50010-8}}

@article{Nash1950,
	Abstract = {One may define a concept of an n -person game in which each player has a finite set of pure strategies and in which a definite set of payments to the n players corresponds to each n -tuple of pure strategies, one strategy being taken for each player. For mixed strategies, which are probability distributions over the pure strategies, the pay-off functions are the expectations of the players, thus becoming polylinear forms {\ldots}},
	Author = {Nash, John F.},
	Doi = {10.1073/PNAS.36.1.48},
	File = {:Users/jordanmcginn/Library/Application Support/Mendeley Desktop/Downloaded/Nash - 1950 - Equilibrium points in n-person games.pdf:pdf},
	Issn = {0027-8424},
	Journal = {Proceedings of the National Academy of Sciences},
	Month = {jan},
	Number = {1},
	Pages = {48--49},
	Pmid = {16588946},
	Publisher = {National Academy of Sciences},
	Title = {{Equilibrium points in n-person games}},
	Url = {http://www.pnas.org/content/36/1/48},
	Volume = {36},
	Year = {1950},
	Bdsk-Url-1 = {http://www.pnas.org/content/36/1/48},
	Bdsk-Url-2 = {https://doi.org/10.1073/PNAS.36.1.48}}

@manual{Gabbard2017,
	Abstract = {We report on the construction of a deep convolutional neural network that can reproduce the sensitivity of a matched-filtering search for binary black hole gravitational-wave signals. The standard method for the detection of well modeled transient gravitational-wave signals is matched filtering. However, the computational cost of such searches in low latency will grow dramatically as the low frequency sensitivity of gravitational-wave detectors improves. Convolutional neural networks provide a highly computationally efficient method for signal identification in which the majority of calculations are performed prior to data taking during a training process. We use only whitened time series of measured gravitational-wave strain as an input, and we train and test on simulated binary black hole signals in synthetic Gaussian noise representative of Advanced LIGO sensitivity. We show that our network can classify signal from noise with a performance that emulates that of match filtering applied to the same datasets when considering the sensitivity defined by Reciever-Operator characteristics.},
	Archiveprefix = {arXiv},
	Arxivid = {1712.06041},
	Author = {Gabbard, Hunter and Williams, Michael and Hayes, Fergus and Messenger, Chris},
	Doi = {10.1103/PhysRevLett.120.141103},
	Eprint = {1712.06041},
	File = {:Users/jordanmcginn/Library/Application Support/Mendeley Desktop/Downloaded/Gabbard et al. - 2017 - Matching matched filtering with deep networks in gravitational-wave astronomy.pdf:pdf},
	Month = {dec},
	Title = {{Matching matched filtering with deep networks in gravitational-wave astronomy}},
	Url = {http://arxiv.org/abs/1712.06041 http://dx.doi.org/10.1103/PhysRevLett.120.141103},
	Year = {2017},
	Bdsk-Url-1 = {http://arxiv.org/abs/1712.06041%20http://dx.doi.org/10.1103/PhysRevLett.120.141103},
	Bdsk-Url-2 = {https://doi.org/10.1103/PhysRevLett.120.141103}}

@manual{Owen1998,
	Abstract = {We estimate the number of templates, computational power, and storage required for a one-step matched filtering search for gravitational waves from inspiraling compact binaries. These estimates should serve as benchmarks for the evaluation of more sophisticated strategies such as hierarchical searches. We use waveform templates based on the second post-Newtonian approximation for binaries composed of nonspinning compact bodies in circular orbits. We present estimates for six noise curves: LIGO (three configurations), VIRGO, GEO600, and TAMA. To search for binaries with components more massive than 0.2M{\_}o while losing no more than 10{\%} of events due to coarseness of template spacing, initial LIGO will require about 1*10{\^{}}11 flops (floating point operations per second) for data analysis to keep up with data acquisition. This is several times higher than estimated in previous work by Owen, in part because of the improved family of templates and in part because we use more realistic (higher) sampling rates. Enhanced LIGO, GEO600, and TAMA will require computational power similar to initial LIGO. Advanced LIGO will require 8*10{\^{}}11 flops, and VIRGO will require 5*10{\^{}}12 flops. If the templates are stored rather than generated as needed, storage requirements range from 1.5*10{\^{}}11 real numbers for TAMA to 6*10{\^{}}14 for VIRGO. We also sketch and discuss an algorithm for placing the templates in the parameter space.},
	Archiveprefix = {arXiv},
	Arxivid = {gr-qc/9808076},
	Author = {Owen, Benjamin J. and Sathyaprakash, B. S.},
	Doi = {10.1103/PhysRevD.60.022002},
	Eprint = {9808076},
	File = {:Users/jordanmcginn/Library/Application Support/Mendeley Desktop/Downloaded/Owen, Sathyaprakash - 1998 - Matched filtering of gravitational waves from inspiraling compact binaries Computational cost and template.pdf:pdf},
	Month = {aug},
	Primaryclass = {gr-qc},
	Title = {{Matched filtering of gravitational waves from inspiraling compact binaries: Computational cost and template placement}},
	Url = {http://arxiv.org/abs/gr-qc/9808076 http://dx.doi.org/10.1103/PhysRevD.60.022002},
	Year = {1998},
	Bdsk-Url-1 = {http://arxiv.org/abs/gr-qc/9808076%20http://dx.doi.org/10.1103/PhysRevD.60.022002},
	Bdsk-Url-2 = {https://doi.org/10.1103/PhysRevD.60.022002}}

@manual{Radford2015,
	Archiveprefix = {arXiv},
	Arxivid = {1511.06434},
	Author = {Radford, Alec and Metz, Luke and Chintala, Soumith},
	Eprint = {1511.06434},
	Month = {nov},
	Title = {{Unsupervised Representation Learning with Deep Convolutional Generative Adversarial Networks}},
	Url = {https://arxiv.org/abs/1511.06434},
	Year = {2015},
	Bdsk-Url-1 = {https://arxiv.org/abs/1511.06434}}

@article{Donahue2018,
	Archiveprefix = {arXiv},
	Arxivid = {1802.04208},
	Author = {Donahue, Chris and McAuley, Julian and Puckette, Miller},
	Eprint = {1802.04208},
	File = {:Users/jordanmcginn/Library/Application Support/Mendeley Desktop/Downloaded/Donahue, McAuley, Puckette - 2018 - Adversarial Audio Synthesis.pdf:pdf},
	Month = {feb},
	Title = {{Adversarial Audio Synthesis}},
	Url = {http://arxiv.org/abs/1802.04208},
	Year = {2018},
	Bdsk-Url-1 = {http://arxiv.org/abs/1802.04208}}

@article{INFO,
	Archiveprefix = {arXiv},
	Author = {Xi Chen and Yan Duan and Rein Houthooft and John Schulman and Ilya Sutskever and Pieter Abbeel},
	Bibsource = {dblp computer science bibliography, https://dblp.org},
	Biburl = {https://dblp.org/rec/bib/journals/corr/ChenDHSSA16},
	Eprint = {1606.03657},
	Journal = {CoRR},
	Timestamp = {Mon, 03 Sep 2018 12:15:29 +0200},
	Title = {InfoGAN: Interpretable Representation Learning by Information Maximizing Generative Adversarial Nets},
	Url = {http://arxiv.org/abs/1606.03657},
	Volume = {abs/1606.03657},
	Year = {2016},
	Bdsk-Url-1 = {http://arxiv.org/abs/1606.03657}}

@article{Bang2018,
	Archiveprefix = {arXiv},
	Arxivid = {1801.09195},
	Author = {Bang, Duhyeon and Shim, Hyunjung},
	Eprint = {1801.09195},
	File = {:Users/jordanmcginn/Library/Application Support/Mendeley Desktop/Downloaded/Bang, Shim - 2018 - Improved Training of Generative Adversarial Networks Using Representative Features.pdf:pdf},
	Month = {jan},
	Title = {{Improved Training of Generative Adversarial Networks Using Representative Features}},
	Url = {https://arxiv.org/abs/1801.09195},
	Year = {2018},
	Bdsk-Url-1 = {https://arxiv.org/abs/1801.09195}}

@misc{gabbard2019bayesian,
    title={Bayesian parameter estimation using conditional variational autoencoders for gravitational-wave astronomy},
    author={Hunter Gabbard and Chris Messenger and Ik Siong Heng and Francesco Tonolini and Roderick Murray-Smith},
    year={2019},
    eprint={1909.06296},
    archivePrefix={arXiv},
    primaryClass={astro-ph.IM}
}
@misc{brock2018large,
    title={Large Scale GAN Training for High Fidelity Natural Image Synthesis},
    author={Andrew Brock and Jeff Donahue and Karen Simonyan},
    year={2018},
    eprint={1809.11096},
    archivePrefix={arXiv},
    primaryClass={cs.LG}
}
@misc{karras2019analyzing,
    title={Analyzing and Improving the Image Quality of StyleGAN},
    author={Tero Karras and Samuli Laine and Miika Aittala and Janne Hellsten and Jaakko Lehtinen and Timo Aila},
    year={2019},
    eprint={1912.04958},
    archivePrefix={arXiv},
    primaryClass={cs.CV}
}
@misc{reed2016generative,
    title={Generative Adversarial Text to Image Synthesis},
    author={Scott Reed and Zeynep Akata and Xinchen Yan and Lajanugen Logeswaran and Bernt Schiele and Honglak Lee},
    year={2016},
    eprint={1605.05396},
    archivePrefix={arXiv},
    primaryClass={cs.NE}
}
@misc{liang2017dual,
    title={Dual Motion GAN for Future-Flow Embedded Video Prediction},
    author={Xiaodan Liang and Lisa Lee and Wei Dai and Eric P. Xing},
    year={2017},
    eprint={1708.00284},
    archivePrefix={arXiv},
    primaryClass={cs.CV}
}
@misc{esteban2017realvalued,
    title={Real-valued (Medical) Time Series Generation with Recurrent Conditional GANs},
    author={CristÃ³bal Esteban and Stephanie L. Hyland and Gunnar RÃ¤tsch},
    year={2017},
    eprint={1706.02633},
    archivePrefix={arXiv},
    primaryClass={stat.ML}
}
@misc{odena2016conditional,
    title={Conditional Image Synthesis With Auxiliary Classifier GANs},
    author={Augustus Odena and Christopher Olah and Jonathon Shlens},
    year={2016},
    eprint={1610.09585},
    archivePrefix={arXiv},
    primaryClass={stat.ML}
}

@article{Prospects-dets,
    author = "Abbott, B.P. and others",
    archivePrefix = "arXiv",
    collaboration = "KAGRA, LIGO Scientific, VIRGO",
    doi = "10.1007/s41114-018-0012-9",
    eprint = "1304.0670",
    journal = "Living Rev. Rel.",
    number = "1",
    pages = "3",
    primaryClass = "gr-qc",
    reportNumber = "LIGO-P1200087, VIR-0288A-12",
    title = "{Prospects for Observing and Localizing Gravitational-Wave Transients with Advanced LIGO, Advanced Virgo and KAGRA}",
    volume = "21",
    year = "2018"
}

@article{AdvLIGO,
    author = "Aasi, J. and others",
    archivePrefix = "arXiv",
    collaboration = "LIGO Scientific",
    doi = "10.1088/0264-9381/32/7/074001",
    eprint = "1411.4547",
    journal = "Class. Quant. Grav.",
    pages = "074001",
    primaryClass = "gr-qc",
    title = "{Advanced LIGO}",
    volume = "32",
    year = "2015"
}

@article{AdvLIGO2,
    author = "Harry, Gregory M.",
    editor = "Marka, Zsuzsa and Marka, Szabolcs",
    collaboration = "LIGO Scientific",
    doi = "10.1088/0264-9381/27/8/084006",
    journal = "Class. Quant. Grav.",
    pages = "084006",
    title = "{Advanced LIGO: The next generation of gravitational wave detectors}",
    volume = "27",
    year = "2010"
}

@article{AdvVIRGO,
    author = "Acernese, F. and others",
    archivePrefix = "arXiv",
    collaboration = "VIRGO",
    doi = "10.1088/0264-9381/32/2/024001",
    eprint = "1408.3978",
    journal = "Class. Quant. Grav.",
    number = "2",
    pages = "024001",
    primaryClass = "gr-qc",
    title = "{Advanced Virgo: a second-generation interferometric gravitational wave detector}",
    volume = "32",
    year = "2015"
}

@article{Gebhard_2019,
   title={Convolutional neural networks: A magic bullet for gravitational-wave detection?},
   volume={100},
   ISSN={2470-0029},
   url={http://dx.doi.org/10.1103/PhysRevD.100.063015},
   DOI={10.1103/physrevd.100.063015},
   number={6},
   journal={Physical Review D},
   publisher={American Physical Society (APS)},
   author={Gebhard, Timothy D. and Kilbertus, Niki and Harry, Ian and SchÃ¶lkopf, Bernhard},
   year={2019},
   month={Sep}
}

@misc{george2016deep,
    title={Deep Neural Networks to Enable Real-time Multimessenger Astrophysics},
    author={Daniel George and E. A. Huerta},
    year={2016},
    eprint={1701.00008},
    archivePrefix={arXiv},
    primaryClass={astro-ph.IM}
}

@article{Krastev_2020,
   title={Real-time detection of gravitational waves from binary neutron stars using artificial neural networks},
   volume={803},
   ISSN={0370-2693},
   url={http://dx.doi.org/10.1016/j.physletb.2020.135330},
   DOI={10.1016/j.physletb.2020.135330},
   journal={Physics Letters B},
   publisher={Elsevier BV},
   author={Krastev, Plamen G.},
   year={2020},
   month={Apr},
   pages={135330}
}

@INPROCEEDINGS{Bahaadini, author={S. {Bahaadini} and N. {Rohani} and S. {Coughlin} and M. {Zevin} and V. {Kalogera} and A. K. {Katsaggelos}}, booktitle={2017 IEEE International Conference on Acoustics, Speech and Signal Processing (ICASSP)}, title={Deep multi-view models for glitch classification}, year={2017}, volume={}, number={}, pages={2931-2935},}

@article{George_2018,
   title={Classification and unsupervised clustering of LIGO data with Deep Transfer Learning},
   volume={97},
   ISSN={2470-0029},
   url={http://dx.doi.org/10.1103/PhysRevD.97.101501},
   DOI={10.1103/physrevd.97.101501},
   number={10},
   journal={Physical Review D},
   publisher={American Physical Society (APS)},
   author={George, Daniel and Shen, Hongyu and Huerta, E.â€‰A.},
   year={2018},
   month={May}
}

@article{Razzano_2018,
	doi = {10.1088/1361-6382/aab793},
	url = {https://doi.org/10.1088%2F1361-6382%2Faab793},
	year = 2018,
	month = {apr},
	publisher = {{IOP} Publishing},
	volume = {35},
	number = {9},
	pages = {095016},
	author = {Massimiliano Razzano and Elena Cuoco},
	title = {Image-based deep learning for classification of noise transients in gravitational wave detectors},
	journal = {Classical and Quantum Gravity},
	abstract = {The detection of gravitational waves has inaugurated the era of gravitational astronomy and opened new avenues for the multimessenger study of cosmic sources. Thanks to their sensitivity, the Advanced LIGO and Advanced Virgo interferometers will probe a much larger volume of space and expand the capability of discovering new gravitational wave emitters. The characterization of these detectors is a primary task in order to recognize the main sources of noise and optimize the sensitivity of interferometers. Glitches are transient noise events that can impact the data quality of the interferometers and their classification is an important task for detector characterization. Deep learning techniques are a promising tool for the recognition and classification of glitches. We present a classification pipeline that exploits convolutional neural networks to classify glitches starting from their time-frequency evolution represented as images. We evaluated the classification accuracy on simulated glitches, showing that the proposed algorithm can automatically classify glitches on very fast timescales and with high accuracy, thus providing a promising tool for online detector characterization.}
}

@misc{shen2019deterministic,
    title={Deterministic and Bayesian Neural Networks for Low-latency Gravitational Wave Parameter Estimation of Binary Black Hole Mergers},
    author={Hongyu Shen and E. A. Huerta and Zhizhen Zhao and Elise Jennings and Himanshu Sharma},
    year={2019},
    eprint={1903.01998},
    archivePrefix={arXiv},
    primaryClass={gr-qc}
}

@misc{green2020gravitationalwave,
    title={Gravitational-wave parameter estimation with autoregressive neural network flows},
    author={Stephen R. Green and Christine Simpson and Jonathan Gair},
    year={2020},
    eprint={2002.07656},
    archivePrefix={arXiv},
    primaryClass={astro-ph.IM}
}

@misc{isola2016imagetoimage,
    title={Image-to-Image Translation with Conditional Adversarial Networks},
    author={Phillip Isola and Jun-Yan Zhu and Tinghui Zhou and Alexei A. Efros},
    year={2016},
    eprint={1611.07004},
    archivePrefix={arXiv},
    primaryClass={cs.CV}
}

@article{Abbott_2019,
   title={Binary Black Hole Population Properties Inferred from the First and Second Observing Runs of Advanced LIGO and Advanced Virgo},
   volume={882},
   ISSN={2041-8213},
   url={http://dx.doi.org/10.3847/2041-8213/ab3800},
   DOI={10.3847/2041-8213/ab3800},
   number={2},
   journal={The Astrophysical Journal},
   publisher={American Astronomical Society},
   author={Abbott, B. P. and Abbott, R. and Abbott, T. D. and Abraham, S. and Acernese, F. and Ackley, K. and Adams, C. and Adhikari, R. X. and Adya, V. B. and Affeldt, C. and et al.},
   year={2019},
   month={Sep},
   pages={L24}
}

@article{Khan_2016,
   title={Frequency-domain gravitational waves from nonprecessing black-hole binaries. II. A phenomenological model for the advanced detector era},
   volume={93},
   ISSN={2470-0029},
   url={http://dx.doi.org/10.1103/PhysRevD.93.044007},
   DOI={10.1103/physrevd.93.044007},
   number={4},
   journal={Physical Review D},
   publisher={American Physical Society (APS)},
   author={Khan, Sebastian and Husa, Sascha and Hannam, Mark and Ohme, Frank and PÃ¼rrer, Michael and Forteza, Xisco JimÃ©nez and BohÃ©, Alejandro},
   year={2016},
   month={Feb}
}


@article{Fryer_2003,
	Author = {Fryer, Chris L. and New, Kimberly C. B.},
	Journal = {Living Reviews in Relativity},
	Number = {1},
	Pages = {2},
	Title = {Gravitational Waves from Gravitational Collapse},
	Volume = {6},
	Year = {2003}}

@article{Andersson_2001,
  title = {Probing Neutron-Star Superfluidity with Gravitational-Wave Data},
  author = {Andersson, N. and Comer, G. L.},
  journal = {Phys. Rev. Lett.},
  volume = {87},
  issue = {24},
  pages = {241101},
  numpages = {4},
  year = {2001},
  month = {Nov},
  publisher = {American Physical Society},
  doi = {10.1103/PhysRevLett.87.241101},
  url = {https://link.aps.org/doi/10.1103/PhysRevLett.87.241101}
}

@article{Baiotti_2007,
	doi = {10.1088/0264-9381/24/12/s13},
	url = {https://doi.org/10.1088%2F0264-9381%2F24%2F12%2Fs13},
	year = 2007,
	month = {may},
	publisher = {{IOP} Publishing},
	volume = {24},
	number = {12},
	pages = {S187--S206},
	author = {Luca Baiotti and Ian Hawke and Luciano Rezzolla},
	title = {On the gravitational radiation from the collapse of neutron stars to rotating black holes},
	journal = {Classical and Quantum Gravity},
	abstract = {We provide details and present additional results on the numerical study of the gravitational-wave emission from the collapse of neutron stars to rotating black holes in three dimensions. More specifically, we concentrate on the advantages and disadvantages of the use of the excision technique and on how alternative approaches to that of excision can be successfully employed. Furthermore, as a first step towards source characterization, we present a systematic discussion of the influence that rotation and different perturbations have on the waveforms and hence on the energy emitted in gravitational waves.}
}

@ARTICLE{2020arXiv200801262G,
       author = {{Gayathri}, V. and {Lopez}, Dixeena and {Pranjal}, R.~S. and
         {Heng}, Ik Siong and {Pai}, Archana and {Messenger}, Chris},
        title = "{Enhancing the sensitivity of transient gravitational wave searches with Gaussian Mixture Models}",
      journal = {arXiv e-prints},
     keywords = {General Relativity and Quantum Cosmology, Astrophysics - Instrumentation and Methods for Astrophysics},
         year = 2020,
        month = aug,
          eid = {arXiv:2008.01262},
        pages = {arXiv:2008.01262},
archivePrefix = {arXiv},
       eprint = {2008.01262},
 primaryClass = {gr-qc},
       adsurl = {https://ui.adsabs.harvard.edu/abs/2020arXiv200801262G},
      adsnote = {Provided by the SAO/NASA Astrophysics Data System}
}

@ARTICLE{2020arXiv200708207B,
       author = {{Bayley}, Joseph and {Messenger}, Chris and {Woan}, Graham},
        title = "{A robust machine learning algorithm to search for continuous gravitational waves}",
      journal = {arXiv e-prints},
     keywords = {Astrophysics - Instrumentation and Methods for Astrophysics},
         year = 2020,
        month = jul,
          eid = {arXiv:2007.08207},
        pages = {arXiv:2007.08207},
archivePrefix = {arXiv},
       eprint = {2007.08207},
 primaryClass = {astro-ph.IM},
       adsurl = {https://ui.adsabs.harvard.edu/abs/2020arXiv200708207B},
      adsnote = {Provided by the SAO/NASA Astrophysics Data System}
}

@ARTICLE{2019arXiv191213517C,
       author = {{Chan}, Man Leong and {Heng}, Ik Siong and {Messenger}, Chris},
        title = "{Detection and Classification of Supernova Gravitational Waves Signals: A Deep Learning Approach}",
      journal = {arXiv e-prints},
     keywords = {Astrophysics - High Energy Astrophysical Phenomena, Astrophysics - Instrumentation and Methods for Astrophysics},
         year = 2019,
        month = dec,
          eid = {arXiv:1912.13517},
        pages = {arXiv:1912.13517},
archivePrefix = {arXiv},
       eprint = {1912.13517},
 primaryClass = {astro-ph.HE},
       adsurl = {https://ui.adsabs.harvard.edu/abs/2019arXiv191213517C},
      adsnote = {Provided by the SAO/NASA Astrophysics Data System}
}

@ARTICLE{2019PhRvD.100d4009D,
       author = {{Dreissigacker}, Christoph and {Sharma}, Rahul and {Messenger}, Chris and
         {Zhao}, Ruining and {Prix}, Reinhard},
        title = "{Deep-learning continuous gravitational waves}",
      journal = {\prd},
     keywords = {General Relativity and Quantum Cosmology, Astrophysics - Instrumentation and Methods for Astrophysics},
         year = 2019,
        month = aug,
       volume = {100},
       number = {4},
          eid = {044009},
        pages = {044009},
          doi = {10.1103/PhysRevD.100.044009},
archivePrefix = {arXiv},
       eprint = {1904.13291},
 primaryClass = {gr-qc},
       adsurl = {https://ui.adsabs.harvard.edu/abs/2019PhRvD.100d4009D},
      adsnote = {Provided by the SAO/NASA Astrophysics Data System}
}

@ARTICLE{2020PhRvD.102b2005D,
       author = {{Dreissigacker}, Christoph and {Prix}, Reinhard},
        title = "{Deep-learning continuous gravitational waves: Multiple detectors and realistic noise}",
      journal = {\prd},
     keywords = {General Relativity and Quantum Cosmology, Astrophysics - Instrumentation and Methods for Astrophysics, Physics - Data Analysis, Statistics and Probability},
         year = 2020,
        month = jul,
       volume = {102},
       number = {2},
          eid = {022005},
        pages = {022005},
          doi = {10.1103/PhysRevD.102.022005},
archivePrefix = {arXiv},
       eprint = {2005.04140},
 primaryClass = {gr-qc},
       adsurl = {https://ui.adsabs.harvard.edu/abs/2020PhRvD.102b2005D},
      adsnote = {Provided by the SAO/NASA Astrophysics Data System}
}

@ARTICLE{2020arXiv200503745C,
       author = {{Cuoco}, Elena and {Powell}, Jade and {Cavagli{\`a}}, Marco and
         {Ackley}, Kendall and {Bejger}, Michal and {Chatterjee}, Chayan and
         {Coughlin}, Michael and {Coughlin}, Scott and {Easter}, Paul and
         {Essick}, Reed and {Gabbard}, Hunter and {Gebhard}, Timothy and
         {Ghosh}, Shaon and {Haegel}, Leila and {Iess}, Alberto and
         {Keitel}, David and {Marka}, Zsuzsa and {Marka}, Szabolcs and
         {Morawski}, Filip and {Nguyen}, Tri and {Ormiston}, Rich and
         {Puerrer}, Michael and {Razzano}, Massimiliano and {Staats}, Kai and
         {Vajente}, Gabriele and {Williams}, Daniel},
        title = "{Enhancing Gravitational-Wave Science with Machine Learning}",
      journal = {arXiv e-prints},
     keywords = {Astrophysics - High Energy Astrophysical Phenomena, General Relativity and Quantum Cosmology},
         year = 2020,
        month = may,
          eid = {arXiv:2005.03745},
        pages = {arXiv:2005.03745},
archivePrefix = {arXiv},
       eprint = {2005.03745},
 primaryClass = {astro-ph.HE},
       adsurl = {https://ui.adsabs.harvard.edu/abs/2020arXiv200503745C},
      adsnote = {Provided by the SAO/NASA Astrophysics Data System}
}

@article{ruder2016overview, 
  title={An overview of gradient descent optimization algorithms}, 
  author={Ruder, Sebastian}, 
  journal={arXiv preprint arXiv:1609.04747}, 
  year={2016} 
}

@book{Goodfellow-et-al-2016,
    title={Deep Learning},
    author={Ian Goodfellow and Yoshua Bengio and Aaron Courville},
    publisher={MIT Press},
    note={\url{http://www.deeplearningbook.org}},
    year={2016}
}

@misc{jordan_git,
    author       = {Jordan McGinn},
    title        = {{https://github.com/jmcginn/McGANn}},
    year         = 2020,
    url          = {https://github.com/jmcginn/McGANn}
    }
    
    @misc{dumoulin2016guide,
    title={A guide to convolution arithmetic for deep learning},
    author={Vincent Dumoulin and Francesco Visin},
    year={2016},
    eprint={1603.07285},
    archivePrefix={arXiv},
    primaryClass={stat.ML}
}

@misc{ioffe2015batch,
    title={Batch Normalization: Accelerating Deep Network Training by Reducing Internal Covariate Shift},
    author={Sergey Ioffe and Christian Szegedy},
    year={2015},
    eprint={1502.03167},
    archivePrefix={arXiv},
    primaryClass={cs.LG}
}

@misc{tompson2014efficient,
    title={Efficient Object Localization Using Convolutional Networks},
    author={Jonathan Tompson and Ross Goroshin and Arjun Jain and Yann LeCun and Christopher Bregler},
    year={2014},
    eprint={1411.4280},
    archivePrefix={arXiv},
    primaryClass={cs.CV}
}

 @misc{ramachandran2017searching,
      title={Searching for Activation Functions}, 
      author={Prajit Ramachandran and Barret Zoph and Quoc V. Le},
      year={2017},
      eprint={1710.05941},
      archivePrefix={arXiv},
      primaryClass={cs.NE}
}

@misc{sachdev2019gstlal,
      title={The GstLAL Search Analysis Methods for Compact Binary Mergers in Advanced LIGO's Second and Advanced Virgo's First Observing Runs}, 
      author={Surabhi Sachdev and Sarah Caudill and Heather Fong and Rico K. L. Lo and Cody Messick and Debnandini Mukherjee and Ryan Magee and Leo Tsukada and Kent Blackburn and Patrick Brady and Patrick Brockill and Kipp Cannon and Sydney J. Chamberlin and Deep Chatterjee and Jolien D. E. Creighton and Patrick Godwin and Anuradha Gupta and Chad Hanna and Shasvath Kapadia and Ryan N. Lang and Tjonnie G. F. Li and Duncan Meacher and Alexander Pace and Stephen Privitera and Laleh Sadeghian and Leslie Wade and Madeline Wade and Alan Weinstein and Sophia Liting Xiao},
      year={2019},
      eprint={1901.08580},
      archivePrefix={arXiv},
      primaryClass={gr-qc}
}

@article{Usman_2016,
	doi = {10.1088/0264-9381/33/21/215004},
	url = {https://doi.org/10.1088%2F0264-9381%2F33%2F21%2F215004},
	year = 2016,
	month = {oct},
	publisher = {{IOP} Publishing},
	volume = {33},
	number = {21},
	pages = {215004},
	author = {Samantha A Usman and Alexander H Nitz and Ian W Harry and Christopher M Biwer and Duncan A Brown and Miriam Cabero and Collin D Capano and Tito Dal Canton and Thomas Dent and Stephen Fairhurst and Marcel S Kehl and Drew Keppel and Badri Krishnan and Amber Lenon and Andrew Lundgren and Alex B Nielsen and Larne P Pekowsky and Harald P Pfeiffer and Peter R Saulson and Matthew West and Joshua L Willis},
	title = {The {PyCBC} search for gravitational waves from compact binary coalescence},
	journal = {Classical and Quantum Gravity},
	abstract = {We describe the PyCBC search for gravitational waves from compact-object binary coalescences in advanced gravitational-wave detector data. The search was used in the first Advanced Laser Interferometer Gravitational-wave Observatory (LIGO) observing run and unambiguously identified two black hole binary mergers, GW150914 and GW151226. At its core, the PyCBC search performs a matched-filter search for binary merger signals using a bank of gravitational-wave template waveforms. We provide a complete description of the search pipeline including the steps used to mitigate the effects of noise transients in the data, identify candidate events and measure their statistical significance. The analysis is able to measure false-alarm rates as low as one per million years, required for confident detection of signals. Using data from initial LIGO's sixth science run, we show that the new analysis reduces the background noise in the search, giving a increase in sensitive volume for binary neutron star systems over previous searches.}
}

@misc{drago2020coherent,
      title={Coherent WaveBurst, a pipeline for unmodeled gravitational-wave data analysis}, 
      author={M. Drago and V. Gayathri and S. Klimenko and C. Lazzaro and E. Milotti and G. Mitselmakher and V. Necula and B. O'Brian and G. A. Prodi and F. Salemi and M. Szczepanczyk and S. Tiwari and V. Tiwari and G. Vedovato and I. Yakushin},
      year={2020},
      eprint={2006.12604},
      archivePrefix={arXiv},
      primaryClass={gr-qc}
}

